=LDR  03447cem a2200637 i 4500
=001  019613480
=003  Uk
=005  20230223171244.0
=007  cr\mn\024mpada
=007  aj\aanzn
=008  021028s1745\\\\fr\i\\\\\\a\\\\s0\\\fre\\
=FMT  \\$a  MP
=019  4\$am030706033
=034  1\$aa$b3150000$dW0760800$eW0514900$fN0535600$gN0413200$2bound
=040  \\$aUk$beng$cUk$dUk$erda
=042  \\$aukblsr
=082  04$a912.71$223
=100  1\$aBellin, Jacques Nicolas,$d1703-1772,$ecartographer.
=242  10$aEastern New France or Canada.$yfre
=245  10$aPARTIE ORIENTALE DE LA NOUVELLE FRANCE OU DU CANADA /$cPar Mr. Bellin Ingenieur du Roy et de la Marine.
=255  \\$aScale approximately 1:3,150,000$c(W 76°08'00"--W 51°49'00"/N 53°56'00"--N 41°32'00").
=264  \1$aParis ;$aNuremberg ;$aLondres [London] :$bchez R.J. Julien a l'Hotel de Soubise :$bchez les Heritiers d'Homann Geographes de S.M.J. :$bchez J. Rocque Geodesiste,$c[1745.]
=300  \\$a1 map :$bcopperplate engraving ;$c48 x 61 cm
=336  \\$acartographic image$2rdacontent
=337  \\$acomputer$2rdamedia
=338  \\$aonline$2rdacarrier
=500  \\$aA scale within the title cartouche shows "Lieues Communes de France de 25 au Degré" and "Lieues Marines de France et d'Angleterre de 20 au Degré".
=500  \\$aFour editions of the map with multiple states are identified in Kershaw.
=500  \\$aRelief shown pictorially.
=500  \\$aTitled "Carte de la Nouvelle France, ou du Canada, par Mr. Bellin, 1745. 2 feuilles" in the Catalogue of Maps, Prints, Drawings, etc., forming the geographical and topographical collection attached to the Library of his late Majesty King George the third, etc, London, 1829.
=510  3\$aBritish Museum, Catalogue of Maps, Prints, Drawings, etc., forming the geographical and topographical collection attached to the Library of his late Majesty King George the third, etc., London, 1829
=510  4\$aKershaw, Kenneth A. Early printed maps of Canada, volume III, 1703-1799,$c687
=520  \\$aA map of eastern Canada and part of North America extending from Newfoundland inland to the borders of Lake Ontario and southwards to Cape Cod.
=651  \0$aCanada$vMaps$vEarly works to 1800.
=651  \0$aNew France$vMaps$vEarly works to 1800.
=655  \7$aEarly maps.$2fast$0(OCoLC)fst01752681
=700  0\$aGeorge$bIII,$cKing of Great Britain,$d1738-1820,$eformer owner.$5Uk
=700  0\$aGeorge$bIV,$cKing of Great Britain,$d1762-1830,$edonor.$5Uk
=700  1\$aJulien, R. J.$q(Roche Joseph),$epublisher.
=700  1\$aRocque, John,$d-1762,$epublisher.
=710  2\$aHomann Erben (Firm),$epublisher.
=859  \\$aXLD$bDCW$bFrance in the Americas Project
=852  4\$cDRT$jDigital Store Maps K.Top.119.5.a.$aBritish Library$bMAPS
=985  \\$aDisaggregated record: Type B
=985  \\$aRecord amended for WR1606-1727
=985  \\$aUpdated by MS generated file for WR2302-017
=CAT  \\$aBATCH-DCW$b00$c20191116$lBLL01$h0211
=CAT  \\$aW2007-1719$c20200806$lBLL01$h1507
=CAT  \\$aW2302-0174$c20230223$lBLL01$h2043
=FIN  \\$aY$d20191116
=LKR  \\$aPAR$lBLL01$r776$b004813935$mPARTIE ORIENTALE DE LA NOUVELLE FRANCE OU DU CANADA /$nPARTIE ORIENTALE DE LA NOUVELLE FRANCE OU DU CANADA /
=DGM  \\$a004813935$bCatBridge variable field
=DRT  \\$aDCW
=SRC  \\$aDCW$bDCW_20191115
=OHC  \\$a1
=LAS  \\$aW2302-0174$b00$c20230223$lBLL01$h2043

