=LDR  04938cem a2200673 i 4500
=001  019613482
=003  Uk
=005  20230223171244.0
=007  cr\mn\024mpada
=007  aj\canzn
=008  131105s1755\\\\fr\i\\\\\\a\\\\s0\\\fre\\
=FMT  \\$a  MP
=019  4\$am030706122
=034  1\$aa$b1950000$dW0735800$eW0591000$fN0495900$gN0421400$2bound
=040  \\$aUk$beng$cUk$dUk$erda
=041  0\$afre
=042  \\$aukblsr
=082  04$a912.715$223
=100  1\$aLe Rouge, Georges-Louis,$eprintmaker.
=242  14$aThe eastern part of Canada :$btranslated from the English map by Thomas Jefferys published in London in May 1755.$yeng
=245  10$aPARTIE ORIENTALE DU CANADA :$bTraduitte de l'Anglois de la carte de Jefferys publiée a Londres en May 1755 /$cA Paris par Le Rouge Ingenieur Geographe du Roy. Rue des Grands Augustins.
=255  \\$aScale approximately 1:1,950,000$c(W 73°58'00"--W 59°10'00"/N 49°59'00"--N 42°14'00").
=264  \1$aParis :$bpar Le Rouge Ingenieur Geographe du Roy. Rue des Grands Augustins,$c[1755.]
=300  \\$a1 map :$bcopperplate engraving with original outline colour ;$c51 x 59 cm
=336  \\$acartographic image$2rdacontent
=337  \\$acomputer$2rdamedia
=338  \\$aonline$2rdacarrier
=500  \\$aAn illustrated vignette in the Saint Lawrence Gulf shows Neptune in his seahorse-drawn chariot with the words "Le Rouge pour Essai" beneath.
=500  \\$aAs the title states, this map by Le Rouge is copied from Thomas Jefferys' map 'A NEW MAP of NOVA SCOTIA and CAPE BRITAIN with the adjacent parts of NEW ENGLAND and CANADA ...' of 1755 with some alterations. Le Rouge adds a more extensive "TABLE COMPARATIVE" at upper left giving the latitudes and longitudes for a number of locations.
=500  \\$aLater states of the map have "Nouvelle Ecosse" added to the title, lacking here.
=500  \\$aRelief shown pictorially on the map.
=500  \\$aThe map was separately published and also appeared in "Atlas Ameriquain Septentrional Contenant les Details des Differentes Provinces, de ce vaste Continent. Traduit des Cartes levées par ordre du Gouvernement Britannique. Par le Major Holland, Evans, Scull, Mouzon, Ross, Cook, Lane, Gilbert, Gardner, Hillock &c. &c. ...".
=500  \\$aThe mileage scale appears at lower right giving "Lieues Marines de 20 au Degré" and "Miles d'Angleterre de 69 1/2 au Degré".
=500  \\$aTitled 'Partie Orientale du Canada, traduite de l'Anglois de la Carte de Jefferys, par le Rouge' in Catalogue of Maps, Prints, Drawings, etc., forming the geographical and topographical collection attached to the Library of his late Majesty King George the third, etc., London, 1829.
=500  \\$aTwo detailed textual "Explication" appear either side of the title providing a key to the historical borders and boundaries indicated on the map. These are of particular importance in the context of the American Revolutionary War.
=510  3\$aBritish Museum, Catalogue of Maps, Prints, Drawings, etc., forming the geographical and topographical collection attached to the Library of his late Majesty King George the third, etc., London, 1829
=510  4\$aKershaw, Kenneth A., Early printed maps of Canada,$bVOLUME III 1703-1799,$centry 741
=520  \\$aA French copy of an English map, published during the American Revolutionary War, showing the eastern part of Canada. Geographical detail extends from Cape Breton in the east down the Saint Lawrence River as far as Montréal, and from the coast of Labrador in the north to Boston in the south. Historical border delineations are clearly marked.
=651  \0$aCape Breton$vMaps$vEarly works to 1800.
=651  \0$aNova Scotia$vMaps$vEarly works to 1800.
=651  \0$aUnited States$xHistory$yRevolution, 1775-1783$vMaps$vEarly works to 1800.
=655  \7$aEarly maps.$2fast$0(OCoLC)fst01752681
=700  0\$aGeorge$bIII,$cKing of Great Britain,$d1738-1820,$eformer owner.$5Uk
=700  0\$aGeorge$bIV,$cKing of Great Britain,$d1762-1830,$edonor.$5Uk
=700  1\$aJefferys, Thomas,$d-1771,$ecartographer.
=859  \\$aXLD$bDCW$bFrance in the Americas Project
=852  4\$cDRT$jDigital Store Maps K.Top.119.12.$aBritish Library$bMAPS
=985  \\$aRecord amended for WR1606-1727
=985  \\$aUpdated by MS generated file for WR2302-017
=CAT  \\$aBATCH-DCW$b00$c20191116$lBLL01$h0211
=CAT  \\$aW2007-1719$c20200806$lBLL01$h1507
=CAT  \\$aW2302-0174$c20230223$lBLL01$h2043
=FIN  \\$aY$d20191116
=LKR  \\$aPAR$lBLL01$r776$b004813945$mPARTIE ORIENTALE DU CANADA : Traduitte de l'Anglois de la carte de Jefferys publiée a Londres en May 1755 /$nPARTIE ORIENTALE DU CANADA : Traduitte de l'Anglois de la carte de Jefferys publiée a Londres en May 1755 /
=DGM  \\$a004813945$bCatBridge variable field
=DRT  \\$aDCW
=SRC  \\$aDCW$bDCW_20191115
=OHC  \\$a1
=LAS  \\$aW2302-0174$b00$c20230223$lBLL01$h2043

