=LDR  04682cem a2200613 i 4500
=001  019613483
=003  Uk
=005  20230223171244.0
=007  cr\mn\024mpada
=007  aj\canzn
=008  940123m17201755quci\\\\\\a\\\\s0\e\fre\\
=FMT  \\$a  MP
=019  4\$am110961102
=034  1\$aa$b6522$dW0711301$eW0711151$fN0464901$gN0464805$2bound
=040  \\$aUk$beng$cUk$erda
=042  \\$aukblsr
=082  04$a912.714$223
=245  00$aPLAN DE LA VILLE DE QUEBEC. /$cDesigné dapres le Plan en Relief, que Monsieur de Chaussegros de Leris, Ingenieur en Chef envoya en France en l'année 1720 pour etre mis au Louvre avec les autres;.
=255  \\$aScale approximately 1:6522$c(W 71°13'01"--W 71°11'51"/N 46°49'01"--N 46°48'05").
=264  \0$a[Quebec?] :$b[producer not identified],$c[between 1720 and 1755.]
=300  \\$a1 map :$bmanuscript pen and ink with watercolour ;$c28 x 35 cm
=336  \\$acartographic image$2rdacontent
=337  \\$acomputer$2rdamedia
=338  \\$aonline$2rdacarrier
=500  \\$aA date of about 1720 to 1755 is suggested for this map as 1720 is referenced in the manuscript map's title. However, this map is a copy and so could have been copied some time after the original was produced. As the map shows the city walls in a partial state of completion, one could assume that this 'copy' has not yet become too outdated. This map also bears many similarities with other maps of Quebec bearing a date of 1755 - specifically William Roy's map of Quebec also in the King's Topographical Collection (Maps K.Top.119.33.). British Library online catalogues have previously duplicated (?) records for this manuscipt map - one record added the date [1722] in the catalogue entry for the title, others did not.
=500  \\$aA decorative compass rose at upper left orients north to the right of the page.
=500  \\$aA note at lower right (in a different colour ink to the rest of the map) notes that it is "fidellement Copié".
=500  \\$aRelief is shown on the map pictorially.
=500  \\$aShows a complete Saint Louis Bastion only on the west side of the city's defences.
=500  \\$aShows a lettered key, either side of the map, identifying buildings and locations of note - many with a military purpose.
=500  \\$aShows mileage scale appears in a surround at the lower edge of the map and is given as "ECHELLE de 200 Toises".
=500  \\$aTitled 'Plan de la ville de Quebec, designé d'après le plan en relief que Monsieur de Chaussegros de Leris, Ingénieur en chef, envoya en France en l'année 1720, pour etre mis au Louvre avec les autres ..... fidellement copié; drawn on a scale of 85 toises to an inch : 1 f. 2 in. x 11 in.' in the Catalogue of the manuscript maps, charts, and plans, and of the topographical drawings in the British Museum.
=500  \\$aTitled 'Plan dessinée de la Ville de Quebec, d'après le Plan en relief de Mr. de Chaussegros de Leris' in the Catalogue of Maps, Prints, Drawings, etc., forming the geographical and topographical collection attached to the Library of his late Majesty King George the third, etc., London, 1829.
=510  3\$aBritish Museum, Catalogue of Maps, Prints, drawings, etc., forming the geographical and topographical collection attached to the Library of his late Majesty King George the third, etc., London, 1829
=510  3\$aCatalogue of the manuscript maps, charts, and plans, and of the topographical drawings in the British Museum
=520  \\$aA manuscript plan of the city of Quebec with a lettered key identifying buildings and locations of note, many of them with military significance. Copied from a French original.
=651  \0$aQuébec (Québec)$vMaps, Manuscript$vEarly works to 1800.
=655  \7$aEarly maps.$2fast$0(OCoLC)fst01752681
=700  0\$aGeorge$bIII,$cKing of Great Britain,$d1738-1820,$eformer owner.$5Uk
=700  0\$aGeorge$bIV,$cKing of Great Britain,$d1762-1830,$edonor.$5Uk
=700  1\$aChaussegros de Léry, Gaspard-Joseph,$d1682-1756,$esurveyor.
=859  \\$aXLD$bDCW$bFrance in the Americas Project
=852  4\$cDRT$jDigital Store Maps K.Top.119.32.$aBritish Library$bMAPS
=985  \\$aUpdated by MS generated file for WR2302-017
=CAT  \\$aBATCH-DCW$b00$c20191116$lBLL01$h0211
=CAT  \\$aW2007-1719$c20200806$lBLL01$h1507
=CAT  \\$aW2302-0174$c20230223$lBLL01$h2043
=FIN  \\$aY$d20191116
=LKR  \\$aPAR$lBLL01$r776$b004916302$mPLAN DE LA VILLE DE QUEBEC. /$nPLAN DE LA VILLE DE QUEBEC. /
=DGM  \\$a004916302$bCatBridge variable field
=DRT  \\$aDCW
=SRC  \\$aDCW$bDCW_20191115
=OHC  \\$a1
=LAS  \\$aW2302-0174$b00$c20230223$lBLL01$h2043

