=LDR  03351cfm a2200553 i 4500
=001  019613484
=003  Uk
=005  20230223171244.0
=007  cr\mn\024mpada
=007  aj\canzn
=008  940111q1759\\\\quci\\\\\\a\\\\s0\e\fre\\
=FMT  \\$a  MP
=019  4\$am110963032
=034  0\$aa$dW0711330$eW0711059$fN0464920$gN0464758$2bound
=040  \\$aUk$beng$cUk$erda
=042  \\$aukblsr
=082  04$a912.714$223
=245  00$aPLAN DE LA VILLE de QUEBEC.
=255  \\$aScale not given$c(W 71°13'30"--W 71°10'59"/N 46°49'20"--N 46°47'58").
=264  \0$a[Quebec?] :$b[producer not identified],$c[about 1760.]
=300  \\$a1 map :$bmanuscript pen and ink with watercolour ;$c51 x 66 cm
=336  \\$acartographic image$2rdacontent
=337  \\$acomputer$2rdamedia
=338  \\$aonline$2rdacarrier
=500  \\$aA lettered (A-ZZZ) and numbered (1-16) key is given beneath the title at lower right identifying buildings and military fortifications of note within the town.
=500  \\$aNo scale is given on the map but the map appears to be copied from another map in the King's Topographical Collection (Maps K.Top.119.36) at an approximate scale of 1:3,600 given on the map in toises.
=500  \\$aRelief shown pictorially.
=500  \\$aThe 1829 catalogue title sequence suggests this map was titled 'Plan dessiné de la Ville de Quebec, copié d'après celui du Colonel Carlton, 1760' in the Catalogue of Maps, Prints, Drawings, etc., forming the geographical and topographical collection attached to the Library of his late Majesty King George the third, etc., London, 1829.
=500  \\$aTitled 'Another copy of the preceding, on the same scale and size' where the preceding was 'A colored "Plan de la ville de Quebec, 1759 ;" drawn on a scale of 47 1/2 toises to an inch ; 2 f. 4 in. x 1 f. 8 in. It is endorsed "Lt. Col. Symes."' in the Catalogue of the manuscript maps, charts, and plans, and of the topographical drawings in the British Museum.
=510  3\$aBritish Museum, Catalogue of Maps, Prints, drawings, etc., forming the geographical and topographical collection attached to the Library of his late Majesty King George the third, etc., London, 1829
=510  3\$aCatalogue of manuscript, maps, charts, and plans, and of the topographical drawings in the British Museum
=520  \\$aA French language manuscript map of the town on Quebec showing the military fortifications.
=651  \0$aQuébec (Québec)$vMaps, Manuscript$vEarly works to 1800.
=655  \7$aEarly maps.$2fast$0(OCoLC)fst01752681
=700  0\$aGeorge$bIII,$cKing of Great Britain,$d1738-1820,$eformer owner.$5Uk
=700  0\$aGeorge$bIV,$cKing of Great Britain,$d1762-1830,$edonor.$5Uk
=859  \\$aXLD$bDCW$bFrance in the Americas Project
=852  4\$cDRT$jDigital Store Maps K.Top.119.37.$aBritish Library$bMAPS
=985  \\$aUpdated by MS generated file for WR2302-017
=CAT  \\$aBATCH-DCW$b00$c20191116$lBLL01$h0211
=CAT  \\$aW2007-1719$c20200806$lBLL01$h1507
=CAT  \\$aW2302-0174$c20230223$lBLL01$h2043
=FIN  \\$aY$d20191116
=LKR  \\$aPAR$lBLL01$r776$b004916317$mPLAN DE LA VILLE de QUEBEC.$nPLAN DE LA VILLE de QUEBEC.
=DGM  \\$a004916317$bCatBridge variable field
=DRT  \\$aDCW
=SRC  \\$aDCW$bDCW_20191115
=OHC  \\$a1
=LAS  \\$aW2302-0174$b00$c20230223$lBLL01$h2043

