=LDR  10895cem a2200853 i 4500
=001  019613485
=003  Uk
=005  20230223171244.0
=007  cr\mn\024mpada
=007  aj\canzn
=008  940111s1761\\\\qucb\\\\\\a\\\\s0\e\eng\\
=FMT  \\$a  MP
=019  4\$am110978021
=034  1\$aa$b24000$dW0715630$eW0704725$fN0470259$gN0463627$2bound
=040  \\$aUk$beng$cUk$dUk$erda
=042  \\$aukblsr
=082  04$a912.714$223
=245  00$aPLAN of that Part of Canada and the RIVER ST. LAWRENCE which lies between Cape Tourment and Dechambaux on the North Shore, Point De la Caille and Laubiniere on the South, in which the City of QUEBEC, and all the villages habitations, and cultivated Country in that extent are accurately laid down, with all the different places of Landing and embarkations, the Encampments, Entrenchments, Lines of Battle and principal Movements of the British and French Armies, while this Country was the Seat of War .... /$cThe whole from a Survey carried on under the Directions of the HONOURABLE BRIGADIER GENERAL MURRAY GOVERNOUR OF QUEBEC &c. The tract of Country contained in this PLAN was surveyed by the following OFFICERS Vizt. .... From ST. AUGUSTIN to the RIVER MOUNT-MORENCY on the NORTH SHORE and from ST. NICHOLAS to POINT a la Ecaille on the SOUTH with all the back settlements, also the PARISHES on the SOUTH RIVER, by CAPT: HOLLAND of the Royal American Regiment. The island of ORLEANS Surveyed by CAPT: Spry Engineer .... From Dechambaux to ST. AUGUSTIN on the NORTH and LOTBINIERE to ST. ANTOINE on the SOUTH Shore by LIEUT: PEACH of the 47th Regiment .... From ST. ANTOINE to ST. NICHOLAS on the SOUTH and from MONTMORENCY to CAPE TOURMENT on the NORTH Shore, Surveyed by ENS. PITTMAN of the 15th Regiment.
=255  \\$aScale approximately 1: 24,000$c(W 71°56'30"-W 70°47'25"/N 47°02'59"-N 46°36'27").
=264  \0$a[Quebec?] :$bCAPT: HOLLAND of the Royal American Regiment ... CAPT: Spry Engineer ... LIEUT: PEACH of the 47th Regiment ... ENS. PITTMAN of the 15th Regiment,$c[1761.]
=300  \\$a1 map on 21 sheets :$bjoined and laid on linen, manuscript pen and ink with watercolour,$c149 x 428 cm
=336  \\$acartographic image$2rdacontent
=337  \\$acomputer$2rdamedia
=338  \\$aonline$2rdacarrier
=500  \\$a"FORT JACQUES CARTIER" is drawn at "A Scale of 800 feet to an inch" (approximately 1:9,600).
=500  \\$aA table provides the "Number of Families and Men able to bear Arms in each Parish of the Province of Canada".
=500  \\$aCompare with other maps from the same survey. See Maps K.Top.119.24., Maps K.Top.119.25. and Maps K.Top.119.26.
=500  \\$aInset 1 shows a "PLAN of QUEBEC with the Positions of the Brittish and French Army's on the Heights of Abraham 13th of Sep 1759" with an explanation (a-x) of the positions of the batteries and a second explanation (A-Z) showing locations within the city.
=500  \\$aInset 2 shows a "PLAN of the Battle and Situation of the British and French Army's on the Heights of ABRAHAM the 28th April 1760" with an explanation (A-X).
=500  \\$aInset 3 shows a "PLAN of QUEBEC and the Heights of Abraham, Shewing in particular the French Encampment after the Battle of the 28th April, their Batteries and approaches; also the encampment of the Garison at their Alarm posts, and new works erected by them during the Siege".
=500  \\$aPrevious British Library cataloguing attributes a date of 1761.
=500  \\$aRelief is shown by shading.
=500  \\$aShows a decorative compass rose in the St Lawrence River orienting north to the top of the map.
=500  \\$aShows a passage of text describing the Quebec region and the "MISSION of IEUNE LORETTE".
=500  \\$aShows roads.
=500  \\$aThe map includes a table of families and men able to bear arms in each parish, textual notations for each parish, three inset plans of Quebec and the Plains of Abraham, an inset plan of Fort Jacques Cartier, an inset map showing the continuation of the "grand Riviere" and an inset map showing the continuation of the "South River".
=500  \\$aThe scale is given as "A Scale of Seven Statute Miles 2000 Feet to an inch".
=500  \\$aThe three inset plans of Quebec show "A Scale of 7000 feet for the repetition plans No 1, 2 & 3" (scale approximately 1:9,600).
=500  \\$aTitled "Plan of that part of Canada and the river St. Lawrence which lies between Cape Tourment and Dechambaux, on the north shore, Poin de la Caille and Laubinière, on the south; in which the city of Quebec and all the villages, habitations, and cultivated country in that extent are accurately laid down, with all the different places of landing and embarkations, the encampments, entrenchments, lines of battle, and principal movements of the British and French armies while this country was the seat of war; the whole from a survey carried on under the directions of the Hon. Brigadier-General Murray, Governour of Quebec, etc. The tract of country containined in this plan was surveyed by the following officers: viz. from St. Augustin to the river Montmorency, on the north shore, and from St. Nicholas to Point à la Ecaille, on the south, with all the back settlements, also the parishers on the south river, by Capt. Holland, of the Royal American regiment; the island of Orleans surveyed by Capt. Lt. Spry, engineer; from Dechambaux to St. Augustin, on the north, and Lotbinière to St. Antoine, on the south shore, by Lieut. Peach, of the 47th regiment; from St. Antoine to St. Nicholas, on the south, and from Montmorency to cape tourment, on the north shore, surveyed by ens. Pittman, of the 15th regiment;" drawn on a scale of 2000 feet to an inch; with three separate plans of the battle on the heights of Abraham before Quebec, and one of Fort Jacques Cartier" in the Catalogue of the manuscript maps, charts, and plans, and of the topographical drawings in the British Museum.
=500  \\$aTitled 'A drawn Plan of that part of Canada and the River St. Lawrence which lies between Cape Tourment and Dechambaux on the North Shore, Point de la Caille and Laubiniere on teh South: from a Survey carried on under the direction of Gen. Murray, by Capt. Holland and Liets. Spry, Peach, and Pittman. Eighteen sheets' in the Catalogue of Maps, Prints, Drawings, etc., forming the geographical and topographical collection attached to the Library of his late Majesty King George the third, etc., London, 1829.
=500  \\$aTwo inset plans at lower right show the "Continuation of the Grand Riviere with the Village of Fariole lying near Cape Tourment on the North Shore" and "THE Continuation of the SOUTH river as far as Point a La CAILLIE where it falls in the ST. LAWRENCE RIVER. Ioining to A.B.".
=505  0\$aWith 6 Insets: [1.] Plan of Quebec with the positions of the Brittish [sic] and French Armys on the Heights of Abraham, 13 Sepr, 1759. Explanations: a-z. Explanation of the Town of Quebec: A-Z. Repetition Plⁿ No. 1 [2.] Plan of the Battle and situation of the Brittish [sic] and French Armys on the Heights of Abraham, the 28 of April, 1760. Explenation [sic]: A-X. Repetition Plⁿ No. 2) [3.] Plan of Quebec and the Heights of Abraham, shewing in particular the French encampment after the Battle of the 28th April[, 1760], their Batteries and Approaches, also the encampment of the Garrison at their Alar m Posts, and new Works erected by them during the Siege. Explanation: A-R. A Scale of 7000 Feet, for the Repetition Plans No. 1, 2, and 3, [ = 222 mm.] Repetition Plⁿ No. 3 [4.] Fort Jaques Cartier. To a Scale of 800 Feet to an Inch [5.] Continuation of the Grande Rivere [sic] with the Village of Fariole, etc. [6.] The Continuation of the South River as far as Point à La Caille, etc.
=510  3\$aBritish Museum, Catalogue of Maps, Prints, Drawings, etc., forming the geographical and topographical collection attached to the Library of his late Majesty King George the third, etc., London, 1829
=510  3\$aCatalogue of the manuscript maps, charts, and plans, and of the topographical drawings in the British Museum
=650  \0$aMilitary art and science$zQuébec (Québec)$vMaps, Manuscript$vEarly works to 1800.
=650  \0$aPlains of Abraham, Battle of the, Québec, 1759$vMaps, Manuscript$vEarly works to 1800.
=650  \0$aSainte-Foy, Battle of, Québec, Québec, 1760$vMaps, Manuscript$vEarly works to 1800.
=650  \0$aSeven Years' War, 1756-1763$vMaps, Manuscript$vEarly works to 1800.
=651  \0$aQuébec (Province)$vMaps, Manuscript$vEarly works to 1800.
=651  \0$aQuébec (Québec)$vMaps, Manuscript$vEarly works to 1800.
=651  \0$aSaint Lawrence River$vMaps, Manuscript$vEarly works to 1800.
=655  \7$aEarly maps.$2fast$0(OCoLC)fst01752681
=700  0\$aGeorge$bIII,$cKing of Great Britain,$d1738-1820,$eformer owner.$5Uk
=700  0\$aGeorge$bIV,$cKing of Great Britain,$d1762-1830,$edonor.$5Uk
=700  1\$aHolland, Samuel,$d1728-1801,$esurveyor.
=700  1\$aMurray, James,$d1721-1794.
=700  1\$aPeach, Joseph$c(Surveyor),$esurveyor.
=700  1\$aPittman, Philip,$dactive 1760-1770,$esurveyor.
=700  1\$aSpry, William,$esurveyor.
=859  \\$aXLD$bDCW$bFrance in the Americas Project
=852  4\$cDRT$jDigital Store Maps K.Top.119.27.5 TAB.END.$aBritish Library$bMAPS
=960  1\$aQuébec
=985  \\$aRecord amended for WR1606-1727
=985  \\$aUpdated by MS generated file for WR2302-017
=CAT  \\$aBATCH-DCW$b00$c20191116$lBLL01$h0211
=CAT  \\$aW2007-1719$c20200806$lBLL01$h1507
=CAT  \\$aW2302-0174$c20230223$lBLL01$h2043
=FIN  \\$aY$d20191116
=LKR  \\$aPAR$lBLL01$r776$b004916470$mPLAN of that Part of Canada and the RIVER ST. LAWRENCE which lies between Cape Tourment and Dechambaux on the North Shore, Point De la Caille and Laubiniere on the South, in which the City of QUEBEC, and all the villages habitations, and cultivated Country in that extent are accurately laid down, with all the different places of Landing and embarkations, the Encampments, Entrenchments, Lines of Battle and principal Movements of the British and French Armies, while this Country was the Seat of War .... /$nPLAN of that Part of Canada and the RIVER ST. LAWRENCE which lies between Cape Tourment and Dechambaux on the North Shore, Point De la Caille and Laubiniere on the South, in which the City of QUEBEC, and all the villages habitations, and cultivated Country in that extent are accurately laid down, with all the different places of Landing and embarkations, the Encampments, Entrenchments, Lines of Battle and principal Movements of the British and French Armies, while this Country was the Seat of War .... /
=DGM  \\$a004916470$bCatBridge variable field
=DRT  \\$aDCW
=SRC  \\$aDCW$bDCW_20191115
=OHC  \\$a1
=LAS  \\$aW2302-0174$b00$c20230223$lBLL01$h2043

