=LDR  07164cem a2200661 i 4500
=001  019613486
=003  Uk
=005  20230223171244.0
=007  cr\mn\024mpada
=007  aj\canzn
=008  940112m17081750xx\\\\\\\\a\\\\s0\e\fre\\
=FMT  \\$a  MP
=019  4\$am120671093
=034  1\$aa$b950000$dW0730200$eW0700700$fN0473200$gN0455900$2bound
=040  \\$aUk$beng$cUk$erda
=042  \\$aukblsr
=082  04$a912.714$223
=242  02$aA map of the Saint Lawrence River and its environs, situated in North America, from the Richelieu Islands to the Cap aux Oies.$yeng
=245  00$aCarte tres particulieres de la Riviere de saint Laurens avec ses Environs situee dans l'Amerique septentrionale commençans aux Isles de Richelieu et finissant au cap des oies. :$bLe Gouvernmt. de Quebec s'etend depuis le Cap aux oies jusqu' à Ste. Anne. Le Gouvernmt. des trois Rivieres s'etend depuis Ste. Anne jusqu' aux Isles de Richelieu. Les Lignes rouges Marquent les Parvisses et les Noires, les Habitations des Particuliers.
=255  \\$aScale appximately 1:950,000$c(W 73°02'00"--W 70°07'00"/N 47°32'00"--N 45°59'00").
=264  \0$a[Place of production not identified] :$b[producer not identified],$c[between 1708 and 1750.]
=300  \\$a1 map on 2 sheets :$bjoined, manuscript pen and ink with watercolour ;$c50 x 136 cm
=336  \\$acartographic image$2rdacontent
=337  \\$acomputer$2rdamedia
=338  \\$aonline$2rdacarrier
=500  \\$aA large inset at upper left shows "Veue de la ville de Quebeque" with an 11-point numbered key identifying buildings and locations of note. The view shows the town's fortifications, which were added in the years immediately following the Siege of Québec in 1690. This view measures approximately 22 x 39 cm.
=500  \\$aAn inset at upper right shows a "Veue de la ville de Trois Rivieres". This inset measures approximately 22 x 35 cm.
=500  \\$aDate range attributed because WorldCat lists one map with the same title as this map that is attributed to Gédéon de Catalogne and is dated 1708. The listing at Queen's University Library in Kingston, Ontario, is for a facsimile copy of the map held by Canada's National Map Collection [NMC19318 (2 Sect)], which is itself a facsimile copy of this map from the King's Topographical Collection. However, neither the British Library nor British Museum catalogues seem to make reference to Gédéon de Catalogne for this item.
=500  \\$aFive fortified locations are depicted pictorially on the map; Québec, Trois-Rivières, an un-named fort at the head of the River Saint François River, a subsequent fort further south along the same river named "Fort des Sauvages Abenaquis", and a fifth fort named "Sauvages Abenaquis" on what is now the River Becancour.
=500  \\$aThe map has previously been dated [1750] in the British Library catalogue.
=500  \\$aThe scale is given within the title cartouche as "E'chelle de 340 - Arpans" and "E'chelle de 5 Lieux Commune".
=500  \\$aThere are some inconsistencies in the French language of this map; "Flevue" in the River Saint Lawrence rather than 'Fleuve'.
=500  \\$aThis map's title bears some similarites with the title of Gédéon de Catalogne's manuscript map in the Bibliothèque Nationale de France "Suite du gouvernement de Québec qui comprent en dessendant le fleuve St Laurent depuis le cap Tourmente jusqu'au cap aux oyes levée en l'année 1709 par les ordres de Monseigneur le Comte de Ponchartrain commendeur des ordres du Roy ministre et secrétaire d'estat / par le Sr. Catalogne lieutenant des troupes ; et dressée par Decoüagne".
=500  \\$aTitled 'Carte dessinée de la Rivière de St. Lawrens, avec ses environs, commençant aux Isles de Richlieu et finissant au Cap des Oies. 2 feuilles' in the Catalogue of Maps, Prints, Drawings, etc., forming the geographical and topographical collection attached to the Library of his late Majesty King George the third, etc., London, 1829.
=500  \\$aTitled 'Carte très particuliers de la rivière de Saint Laurens, avec ses environs ... commençans aux isles de Richelieu et finissant au Cap des Oies;' shewing the French settlements on the banks; drawn on a scale of about a league to an inch; with views of Quebec and the town of 'Trois Rivières,' each 14 in. x 8 in.: 4 f. 8 in. x 1 f. 8 in' in the Catalogue of the manuscript maps, charts, and plans, and of the topographical drawings in the British Museum.
=510  3\$aBritish Museum, Catalogue of Maps, Prints, drawings, etc., forming the geographical and topographical collection attached to the Library of his late Majesty King George the third, etc., London, 1829
=510  3\$aCatalogue of the manuscript maps, charts, and plans, and of the topographical drawings in the British Museum
=520  \\$aA manuscript map of the river St Lawrence extending from the "Isle-aux-Coudres" in the east to the mouth of the River Saint François in the west with magnificent inset views of Québec City and Trois-Rivières.
=585  \\$aCopy at Maps K.Top.119.22. Exhibited: "Europe in Canada : an exhibition to commemorate to centrenary of the Dominion of Canada", The British Museum, 30 June 1967 - 10 September 1967.
=651  \0$aQuébec (Québec)$vMaps, Manuscript$vEarly works to 1800.
=651  \0$aSaint Lawrence River$vMaps, Manuscript$vEarly works to 1800.
=655  \7$aEarly maps.$2fast$0(OCoLC)fst01752681
=700  0\$aGeorge$bIII,$cKing of Great Britain,$d1738-1820,$eformer owner.$5Uk
=700  0\$aGeorge$bIV,$cKing of Great Britain,$d1762-1830,$edonor.$5Uk
=700  1\$aCatalogne, Gédéon de,$d1662-1729,$eassociated name.
=859  \\$aXLD$bDCW$bFrance in the Americas Project
=852  4\$cDRT$jDigital Store Maps K.Top.119.22.$aBritish Library$bMAPS
=985  \\$aUpdated by MS generated file for WR2302-017
=CAT  \\$aBATCH-DCW$b00$c20191116$lBLL01$h0211
=CAT  \\$aW2007-1719$c20200806$lBLL01$h1507
=CAT  \\$aW2302-0174$c20230223$lBLL01$h2043
=FIN  \\$aY$d20191116
=LKR  \\$aPAR$lBLL01$r776$b004924271$mCarte tres particulieres de la Riviere de saint Laurens avec ses Environs situee dans l'Amerique septentrionale commençans aux Isles de Richelieu et finissant au cap des oies. : Le Gouvernmt. de Quebec s'etend depuis le Cap aux oies jusqu' à Ste. Anne. Le Gouvernmt. des trois Rivieres s'etend depuis Ste. Anne jusqu' aux Isles de Richelieu. Les Lignes rouges Marquent les Parvisses et les Noires, les Habitations des Particuliers.$nCarte tres particulieres de la Riviere de saint Laurens avec ses Environs situee dans l'Amerique septentrionale commençans aux Isles de Richelieu et finissant au cap des oies. : Le Gouvernmt. de Quebec s'etend depuis le Cap aux oies jusqu' à Ste. Anne. Le Gouvernmt. des trois Rivieres s'etend depuis Ste. Anne jusqu' aux Isles de Richelieu. Les Lignes rouges Marquent les Parvisses et les Noires, les Habitations des Particuliers.
=DGM  \\$a004924271$bCatBridge variable field
=DRT  \\$aDCW
=SRC  \\$aDCW$bDCW_20191115
=OHC  \\$a1
=LAS  \\$aW2302-0174$b00$c20230223$lBLL01$h2043

