=LDR  05974cfm a2200649 i 4500
=001  019613487
=003  Uk
=005  20230223171244.0
=007  cr\mn\024mpada
=007  aj\canzn
=008  940123m17551760xx\\\\\\\\a\\\\s0\e\eng\\
=FMT  \\$a  MP
=019  4\$am530541017
=034  1\$aa$b10,137,600$dW0921400$eW0594200$fN0564900$gN0395600$2bound
=040  \\$aUk$beng$cUk$dUk$erda
=042  \\$aukblsr
=082  04$a912.71$223
=245  02$aA General Map of NEW FRANCE. Commonly called Canada.
=255  \\$aScale 1:10,137,600$c(W 92°14'00"--W 59°42'00"/N 56°49'00"--N 39°56'00").
=264  \0$a[Place of production not identified] :$b[producer not identified],$c[about 1755 to 1760].
=300  \\$a1 map :$bmanuscript in pen and ink with watercolour ;$c24 x 34 cm
=336  \\$acartographic image$2rdacontent
=337  \\$acomputer$2rdamedia
=338  \\$aonline$2rdacarrier
=500  \\$aBetween Montréal and Québec a selection of symbols (although here without an identifying key) is depicted on the map. The symbols bear similarities to those used on Herman Moll's map of the region to identify additional villages (and their ownership - French, English or "Savage"), forts, beaver hunting, land carriages and other features.
=500  \\$aFull text beneath map reads "In our present Course of Proceeding in America, as conceived, it is impossible to bring the War to a happy Close, or to gain the Indians over to our Interests, unless we break the Communications of the French Settlements, which may be done by BUILDING a strong Fort at the mouth of the River Condé; a Second on the South Side of the Lake Huron; and a third at the River des Francois; but it will be proper to begin with building a fort at the River Condé & to have several Rowboats of Force to command the Navigation of the Lake Ossie, which has a Communication with the Lake Huron, & by means of these Boats we may build the Forts on the North & South Sides of the Lake Huron, & also supply the Garrisons with all manner of Necessary in Summer. The aforesaid Forts & Row Gallies built on the Lake Ossie & Huron may command the whole of the Indian Trade, & render the French Settlements of little or no service to them."
=500  \\$aIn dating the map it is noted that Fort Oswego is not shown on the map - the battle of Fort Oswego took place in August 1756 after which the fort was effectively abandoned until 1758. However, Fort Kaminisitquia is named on the map, which was abandoned with the fall of New France.
=500  \\$aThe map bears a number of similarities with Hermann Moll's English edition of Lahontan's (Louis-Armand de Lom d'Arce, Baron de la Hontan) map entitled 'A General Map of New France Com.call'd Canada' that was published in 1703 and 1735 in English editions of Lahontan's voyages. See Kershaw, Kenneth A., Early printed maps of Canada I. 1540-1703, entry 296.
=500  \\$aThe map identifies forts at "Chambli", "Frontenac", "Niagara", "La Salle", "Crevecoeur", "Kamanistigoyan" and "Port Nelson", and also shows the "Little Fort of St Germain" and two English forts at the south end of James Bay.
=500  \\$aThe scale is given as 160 English miles to one inch, with an additional scale of English and French leagues.
=500  \\$aTitled 'A drawn general Map of New France, commonly called Canada' in the Catalogue of Maps, Prints, Drawings, etc., forming the geographical and topographical collection attached to the Library of his late Majesty King George the third, etc, London, 1829.
=500  \\$aTitled 'A general map of New France, commonly called Canada;' drawn to shew a mode of breaking the communication of the French settlements by building a strong fort at the mouth of the river Condé, a second on the south side of the Lake Huron, and a third at the river des François ; drawn on a scale of 160 English miles to an inch : 1 f. 2 in. x 11 in.' in the Catalogue of the manuscript maps, charts, and plans, and of the topographical drawings in the British Museum.
=510  3\$aBritish Museum, Catalogue of Maps, Prints, Drawings, etc., forming the geographical and topographical collection attached to the Library of his late Majesty King George the third, etc., London, 1829
=510  3\$aBrown, Lloyd Arnold. Early maps of the Ohio valley. A selection of maps, plans, and views made by Indians and Colonials from 1673 to 1783,$c10
=510  3\$aCatalogue of the manuscript maps, charts, and plans, and of the topographical drawings in the British Museum
=520  \\$aA manuscript map of eastern Canada giving prominence to the Great Lakes and the situation of French and English forts. The textual note beneath the map belies its purpose in seeking to break the lines of French communication.
=650  \0$aSeven Years' War, 1756-1763$vMaps, Manuscript$vEarly works to 1800.
=651  \0$aCanada$vMaps, Manuscript$vEarly works to 1800.
=651  \0$aNew France$vMaps, Manuscript$vEarly works to 1800.
=655  \7$aEarly maps.$2fast$0(OCoLC)fst01752681
=700  0\$aGeorge$bIII,$cKing of Great Britain,$d1738-1820,$eformer owner.$5Uk
=700  0\$aGeorge$bIV,$cKing of Great Britain,$d1762-1830,$edonor$5Uk.
=859  \\$aXLD$bDCW$bFrance in the Americas Project
=852  4\$cDRT$jDigital Store Maps K.Top.119.7.1.$aBritish Library$bMAPS
=985  \\$aCorrected by BSS-generated file
=985  \\$aRecord amended for WR1606-1727
=985  \\$aUpdated by MS generated file for WR2302-017
=CAT  \\$aBATCH-DCW$b00$c20191116$lBLL01$h0211
=CAT  \\$aW2007-1719$c20200806$lBLL01$h1507
=CAT  \\$aW2302-0174$c20230223$lBLL01$h2043
=FIN  \\$aY$d20191116
=LKR  \\$aPAR$lBLL01$r776$b004987824$mA General Map of NEW FRANCE. Commonly called Canada.$nA General Map of NEW FRANCE. Commonly called Canada.
=DGM  \\$a004987824$bCatBridge variable field
=DRT  \\$aDCW
=SRC  \\$aDCW$bDCW_20191115
=OHC  \\$a1
=LAS  \\$aW2302-0174$b00$c20230223$lBLL01$h2043

