=LDR  04076cfm a2200685 i 4500
=001  019613488
=003  Uk
=005  20230223171244.0
=007  cr\mn\024mpada
=007  aj\canzn
=008  940123s1759\\\\quc\\\\\\\a\\\\s0\\\fre\\
=FMT  \\$a  MP
=019  4\$am530547074
=034  1\$aa$b3600$dW0711330$eW0711059$fN0464920$gN0464758$2bound
=040  \\$aUk$beng$cUk$erda
=041  \\$afre$aeng
=042  \\$aukblsr
=082  04$a912.714$223
=100  1\$aSymes,$cLt. Col.,$ecartographer.
=242  10$aPlan of the town of Quebec 1759.$yeng
=245  10$aPLAN de la Ville de QUEBEC 1759.
=255  \\$aScale approximately 1:3,600$c(W 71°13'30"--W 71°10'59"/N 46°49'20"--N 46°47'58").
=264  \0$a[Quebec?] :$b[Lt. Col. Symes?],$c1759.
=300  \\$a1 map :$bmanuscript pen and ink with watercolour ;$c52 x 70 cm
=336  \\$acartographic image$2rdacontent
=337  \\$acomputer$2rdamedia
=338  \\$aonline$2rdacarrier
=500  \\$aA decorative compass rose surmounted by a fleur de lys is depicted at the lower left and orients north to the right of the page.
=500  \\$aA scale is given within the title surround at lower right as "Deux Cents Cinquantes toises".
=500  \\$aManuscript additions to the verso in ink in differing hands show "Lt. Col. Symes" and "JOHN MON".
=500  \\$aPreviously titled 'A colored "Plan de la ville de Quebec, 1759 ;" drawn on a scale of 47 1/2 toises to an inch ; 2 f. 4 in. x 1 f. 8 in. It is endorsed "Lt. Col. Symes." in the Catalogue of the manuscript maps, charts, and plans, and of the topograpical drawings in the British Museum.
=500  \\$aThe map has text in both French and English. The map's title, lettered and numbered key at lower right, and the street and building names within the plan itself are given in French. Nomenclature for the "River St. Laurence", "River St. Charles", the "High Water Mark" and reference to seven blockhouses outside the city walls is in English.
=500  \\$aThe map shows military detail with batteries, bastions and other fortifications clearly delineated.
=500  \\$aTitled 'Plan dessinée de la Ville de Quebec, 1759' in the Catalogue of Maps, Prints, Drawings, etc., forming the geographical and topographical collection attached to the Library of his late Majesty King George the third, etc., London, 1829.
=510  3\$aBritish Museum, Catalogue of Maps, Prints, drawings, etc., forming the geographical and topographical collection attached to the Library of his late Majesty King George the third, etc., London, 1829
=510  3\$aCatalogue of the manuscript maps, charts, and plans, and of the topographical drawings in the British Museum
=520  \\$aA manuscript map of the town of Quebec including military fortififications. With detail given in both French and English.
=546  \\$aIn French and English.
=650  \0$aMilitary maps$vEarly works to 1800.
=650  \0$aPlains of Abraham, Battle of the, Québec, 1759$vMaps, Manuscript$vEarly works to 1800.
=651  \0$aQuébec (Québec)$vMaps, Manuscript$vEarly works to 1800.
=655  \7$aEarly maps.$2fast$0(OCoLC)fst01752681
=700  0\$aGeorge$bIII,$cKing of Great Britain,$d1738-1820,$eformer owner.$5Uk
=700  0\$aGeorge$bIV,$cKing of Great Britain,$d1762-1830,$edonor.$5Uk
=700  1\$aMontrésor, John,$d1736-1799.
=859  \\$aXLD$bDCW$bFrance in the Americas Project
=852  4\$cDRT$jDigital Store Maps K.Top.119.36.$aBritish Library$bMAPS
=985  \\$a100=NEW
=985  \\$aCorrected by BSS-generated file
=985  \\$aUpdated by MS generated file for WR2302-017
=CAT  \\$aBATCH-DCW$b00$c20191116$lBLL01$h0211
=CAT  \\$aW2007-1719$c20200806$lBLL01$h1507
=CAT  \\$aW2302-0174$c20230223$lBLL01$h2043
=FIN  \\$aY$d20191116
=LKR  \\$aPAR$lBLL01$r776$b004987865$mPLAN de la Ville de QUEBEC 1759.$nPLAN de la Ville de QUEBEC 1759.
=DGM  \\$a004987865$bCatBridge variable field
=DRT  \\$aDCW
=SRC  \\$aDCW$bDCW_20191115
=OHC  \\$a1
=LAS  \\$aW2302-0174$b00$c20230223$lBLL01$h2043

