=LDR  03771cem a22006137i 4500
=001  019613490
=003  Uk
=005  20230223171244.0
=007  cr\mn\024mpada
=007  aj\canzn
=008  131031s1761\\\\ne\i\\\\\\a\\\\s0\\\fre\\
=FMT  \\$a  MP
=034  1\$aa$b9500000$dW1125200$eW0495800$fN0775700$gN0393200$2bound
=040  \\$aUk$beng$cUk$dUk$erda
=042  \\$aukblsr
=082  04$a912.71$223
=100  1\$aL'Isle, Guillaume de,$d1675-1726,$ecartographer.
=242  10$aMap of Canada or New France.$yeng
=245  10$aCARTE DU CANADA OU DE LA NOUVELLE FRANCE et des Decouvertes qui y ont été faites Dressée sur plusieurs Observations et sur un grand nombre de Relations imprimées ou manuscrites /$cPar Guillaume Del'Isle Geographe de l'Academie Royales des Sciences.
=255  \\$aScale approximately 1:9,500,000$c(W 112°52'00"--W 49°58'00"/N 77°57'00"--N 39°32'00").
=264  \1$aAmsterdam :$bChez JEAN COVENS et CORNEILLE MORTIER Geographes Avec Privilege,$c[1761.]
=300  \\$a1 map :$bcopperplate engraving with colour ;$c49 x 57 cm
=336  \\$acartographic image$2rdacontent
=337  \\$acomputer$2rdamedia
=338  \\$aonline$2rdacarrier
=500  \\$aRelief is shown pictorially on the map.
=500  \\$aThe map appears in two different states (Kershaw) of which this is the second, dated 1761.
=500  \\$aThe mileage scale below the title cartouche shows "Lieües Communes de France", "Lieües Marines de France" and "Milles Communs d'Angleterre".
=500  \\$aTitled 'Carte du Canada, ou de la Nouvelle France, par G. de l'Isle, chez Covens et Mortier' in the Catalogue of Maps, Prints, Drawings, etc., forming the geographical and topographical collection attached to the Library of his late Majesty King George the third, London, 1829.
=510  3\$aBritish Museum, Catalogue of Maps, Prints, Drawings, etc., forming the geographical and topographical collection attached to the Library of his late Majesty King George the third, london, 1829
=510  4\$aKershaw, Kenneth A., Early printed maps of Canada, Volume I,$b1540-1703,$cEntry 318, plate 205b, pages 283 to 284
=520  \\$aA map showing parts of Canada and North America to include the Great Lakes, extending northwards to Baffin Bay and south to Philadelphia.
=651  \0$aCanada$vMaps$vEarly works to 1800.
=651  \0$aNew France$vMaps$vEarly works to 1800.
=655  \7$aEarly maps.$2fast$0(OCoLC)fst01752681
=700  0\$aGeorge$bIII,$cKing of Great Britain,$d1738-1820,$eformer owner.$5Uk
=700  0\$aGeorge$bIV,$cKing of Great Britain,$d1762-1830,$edonor.$5Uk
=700  1\$aCóvens, Jean,$eprintmaker.
=700  1\$aMortier, Corneille,$d1699-1783,$eprintmaker.
=859  \\$aXLD$bDCW$bFrance in the Americas Project
=852  4\$cDRT$jDigital Store Maps K.Top.119.4.$aBritish Library$bMAPS
=985  \\$aRecord amended for WR1606-1727
=985  \\$aUpdated by MS generated file for WR2302-017
=CAT  \\$aBATCH-DCW$b00$c20191116$lBLL01$h0211
=CAT  \\$aBATCH-UPD$b00$c20200328$lBLL01$h0803
=CAT  \\$aW2007-1719$c20200806$lBLL01$h1507
=CAT  \\$aW2302-0174$c20230223$lBLL01$h2043
=FIN  \\$aY$d20191116
=LKR  \\$aPAR$lBLL01$r776$b016740910$mCARTE DU CANADA OU DE LA NOUVELLE FRANCE et des Decouvertes qui y ont été faites Dressée sur plusieurs Observations et sur un grand nombre de Relations imprimées ou manuscrites /$nCARTE DU CANADA OU DE LA NOUVELLE FRANCE et des Decouvertes qui y ont été faites Dressée sur plusieurs Observations et sur un grand nombre de Relations imprimées ou manuscrites /
=DGM  \\$a016740910$bCatBridge variable field
=DRT  \\$aDCW
=SRC  \\$aDCW$bDCW_20191115
=OHC  \\$a1
=LAS  \\$aW2302-0174$b00$c20230223$lBLL01$h2043

