=LDR  03484cem a22006257i 4500
=001  019613491
=003  Uk
=005  20230223171244.0
=007  cr\mn\024mpada
=007  aj\canzn
=008  131101s1745\\\\fr\i|||\\\a\\\\s0\\\fre\\
=FMT  \\$a  MP
=034  1\$aa$b3100000$dW0921700$eW0720700$fN0510200$gN0385700$2bound
=040  \\$aUk$beng$cUk$dUk$erda
=042  \\$aukblsr
=082  04$a912.71$223
=100  1\$aBellin, Jacques Nicolas,$d1703-1772,$ecartographer.
=242  14$aThe western part of New France or Canada.$yeng
=245  10$aPARTIE OCCIDENTALE DE LA NOUVELLE FRANCE OU CANADA /$cPar Mr. Bellin Ingenieur de la Marine 1745.
=255  \\$aScale approximately 1:3,100,000$c(W 92°17'00"--W 72°07'00"/N 51°02'00"--N 38°57'00").
=264  \1$aParis ;$aNuremberg ;$aLondres [London] :$bchez R.J.Julien a l'Hotel de Soubise :$bchez les Heritiers d'Homann Geographes de S.M.J. :$bchez J.Rocque Geodesiste,$c[1745.]
=300  \\$a1 map :$buncoloured copperplate engraving ;$c48 x 61 cm
=336  \\$acartographic image$2rdacontent
=337  \\$acomputer$2rdamedia
=338  \\$aonline$2rdacarrier
=500  \\$aA mileage scale within the title cartouche shows "Lieues Communes de France de 25 au Degré" and "Lieues Marines de France et d'Angleterre de 20 au Degré".
=500  \\$aDiffering editions of the map are identified in Kershaw.
=500  \\$aRelief is shown pictorially on the map.
=500  \\$aTitled 'Carte de la Nouvelle France, ou du Canada, par mr. Bellin, 1745. 2 feuilles.' in the Catalogue of Maps, Prints, Drawings, etc., forming the geographical and topotgraphical collection attached to the Library of his late Majesty King George the third, etc, London, 1829.
=510  3\$aBritish Museum, Catalogue of Maps, Prints, Drawings, etc., forming the geographical and topographical collection attached to the Library of his late Majesty King George the third, etc., London, 1829
=510  4\$aKershaw, Kenneth A., Early printed maps of Canada, Volume III,$b1703-1799,$cEntry 948
=520  \\$aA map focussing on the Great Lakes region in Canada and North America. Detail of the Atlantic coast to include New York and Philadelphia is also shown.
=651  \0$aCanada$vMaps$vEarly works to 1800.
=651  \0$aGreat Lakes (North America)$vMaps$vEarly works to 1800.
=651  \0$aNew France$vMaps$vEarly works to 1800.
=655  \7$aEarly maps.$2fast$0(OCoLC)fst01752681
=700  0\$aGeorge$bIII,$cKing of Great Britain,$d1738-1820,$eformer owner.$5Uk
=700  0\$aGeorge$bIV,$cKing of Great Britain,$d1762-1830,$edonor.$5Uk
=700  1\$aJulien, R. J.$q(Roche Joseph),$epublisher.
=700  1\$aRocque, John,$d-1762,$epublisher.
=710  2\$aHomann Erben (Firm),$epublisher.
=859  \\$aXLD$bDCW$bFrance in the Americas Project
=852  4\$cDRT$jDigital Store Maps K.Top.119.5.b.$aBritish Library$bMAPS
=985  \\$aRecord amended for WR1606-1727
=985  \\$aUpdated by MS generated file for WR2302-017
=CAT  \\$aBATCH-DCW$b00$c20191116$lBLL01$h0211
=CAT  \\$aW2007-1719$c20200806$lBLL01$h1507
=CAT  \\$aW2302-0174$c20230223$lBLL01$h2043
=FIN  \\$aY$d20191116
=LKR  \\$aPAR$lBLL01$r776$b016740933$mPARTIE OCCIDENTALE DE LA NOUVELLE FRANCE OU CANADA /$nPARTIE OCCIDENTALE DE LA NOUVELLE FRANCE OU CANADA /
=DGM  \\$a016740933$bCatBridge variable field
=DRT  \\$aDCW
=SRC  \\$aDCW$bDCW_20191115
=OHC  \\$a1
=LAS  \\$aW2302-0174$b00$c20230223$lBLL01$h2043

