=LDR  04164cfm a2200637 i 4500
=001  019615357
=003  Uk
=005  20230223171247.0
=007  cr\mn\024mpada
=007  aj\canzn
=008  990423s1738\\\\gau\\\\\\\a\\\\s0\e\fre\\
=FMT  \\$a  MP
=019  4\$am530514079
=034  0\$aa$dW0812352$eW0812307$fN0310815$gN0310757$2bound
=040  \\$aUk$beng$cUk$dUk$erda
=042  \\$aukblsr
=082  04$a912.758742$223
=100  1\$aThomas, John,$cthe Elder,$ecartographer.
=242  10$a2nd Plan of a battery and redoubt [on Saint Simons Island] with a guardhouse constructed in the form of a machicolation redoubt in order to provide a retrenchment for a guard of 20 men or more.$yeng
=245  10$a2.e Plan d'une Batterie & d'une Redoute avec un Corps de Garde construit en forme de Redoute a Machecoulis pour y Servir de Rentranchement a une Garde de 20 hommes ou plus.
=255  \\$aScale not given$c(W 81°23'52"--W 81°23'07"/N 31°08'15"--N 31°07'57").
=264  \0$a[Georgia?] :$b[John Thomas, the Elder],$c[about 1738.]
=300  \\$a1 map :$bmanuscript pen and ink with watercolour ;$c21 x 30 cm
=336  \\$acartographic image$2rdacontent
=337  \\$acomputer$2rdamedia
=338  \\$aonline$2rdacarrier
=500  \\$aBoundary line shoun around the fort, within which nothing should be planted.
=500  \\$aCompare Maps K.Top.122.72.
=500  \\$aProduction details from Cumming (third edition) and from a manuscript note in the British Museum catalogue (Maps C.21 bb.3) referencing a letter from Mrs Margaret Davis Cate, 29 July 1955.
=500  \\$aTitle across the map.
=500  \\$aTitled "Plan d'une Batterie et d'une Redoute, avec un corps de garde" in St. Simon's Island: 12 in. x 8 in. in the Catalogue of the manuscript maps, charts, and plans, and of the topographical drawings in the British Museum.
=500  \\$aTitled "Plan dessiné d'une Batterie et d'une Redoute, avec un Corps de Garde, dans l'Isle de St. Simon" in the Catalogue of Maps, Prints, Drawings, etc., forming the geographical and topographical collection attached to the Library of his late Majesty King George the third, etc., London, 1829.
=510  3\$aBritish Museum, Catalogue of Maps, Prints, Drawings, etc., forming the geographical and topographical collection attached to the Library of his late Majesty King George the third, etc., London, 1829
=510  3\$aCatalogue of the manuscript maps, charts, and plans, and of the topographical drawings in the British Museum
=510  4\$aCumming, William P. The Southeast in early maps. Third edition,$c319
=522  \\$aProposed fortifications on the southern tip of Saint Simons Island, Georgia.
=650  \0$aFortification$zGeorgia$zSaint Simons Island$vMaps, Manuscript$vEarly works to 1800.
=650  \0$aMilitary art and science$zGeorgia$zSaint Simons Island$vMaps, Manuscript$vEarly works to 1800.
=651  \0$aSaint Simons Island (Ga.)$vMaps, Manuscript$vEarly works to 1800.
=655  \7$aEarly maps.$2fast$0(OCoLC)fst01752681
=700  0\$aGeorge$bIII,$cKing of Great Britain,$d1738-1820,$eformer owner.$5Uk
=700  0\$aGeorge$bIV,$cKing of Great Britain,$d1762-1830,$edonor.$5Uk
=859  \\$aXLD$bDCW$bFrance in the Americas Project
=852  4\$cDRT$jDigital Store Maps K.Top.122.73.$aBritish Library$bMAPS
=985  \\$aRecord amended for WR1606-1727
=985  \\$aUpdated by MS generated file for WR2302-017
=CAT  \\$aBATCH-DCW$b00$c20191119$lBLL01$h0216
=CAT  \\$aW2007-1719$c20200806$lBLL01$h1507
=CAT  \\$aW2302-0174$c20230223$lBLL01$h2043
=FIN  \\$aY$d20191119
=LKR  \\$aPAR$lBLL01$r776$b004987601$m2.e Plan d'une Batterie & d'une Redoute avec un Corps de Garde construit en forme de Redoute a Machecoulis pour y Servir de Rentranchement a une Garde de 20 hommes ou plus.$n2.e Plan d'une Batterie & d'une Redoute avec un Corps de Garde construit en forme de Redoute a Machecoulis pour y Servir de Rentranchement a une Garde de 20 hommes ou plus.
=DGM  \\$a004987601$bCatBridge variable field
=DRT  \\$aDCW
=SRC  \\$aDCW$bDCW_20191118
=OHC  \\$a1
=LAS  \\$aW2302-0174$b00$c20230223$lBLL01$h2043

