=LDR  04714cfm a2200661 i 4500
=001  019615358
=003  Uk
=005  20230223171247.0
=007  cr\mn\024mpada
=007  aj\canzn
=008  990423s1738\\\\gau\\\\\\\a\\\\s0\e\fre\\
=FMT  \\$a  MP
=019  4\$am530514087
=034  1\$aa$b1750$dW0812352$eW0812307$fN0310815$gN0310757$2bound
=040  \\$aUk$beng$cUk$dUk$erda
=042  \\$aukblsr
=082  04$a912.758742$223
=100  1\$aThomas, John,$cthe Elder,$ecartographer.
=242  10$aPlan of a fort suitable for a maritime position or other in which the regular form of the first project has been changed to be irregular, with as good defences, in order to conserve the quarters of the Lieutenant Colonel.$yeng
=245  10$aPlan dun Fort convenable en quelque endroit ce que soit dune Cote maritime Auquel on a changé la figure reguliere du 1.r Projet en une irreguliere daussi bonne deffence pour conserver la Maison de M.r le Liuet.t Colonnel.
=255  \\$aScale approximately 1;1,750$c(W 81°23'52"--W 81°23'07"/N 31°08'15"--N 31°07'57").
=264  \0$a[Georgia?] :$b[John Thomas, the Elder],$c[about 1738.]
=300  \\$a1 map :$bmanuscript pen and ink with watercolour over pencil ;$c28 x 47 cm
=336  \\$acartographic image$2rdacontent
=337  \\$acomputer$2rdamedia
=338  \\$aonline$2rdacarrier
=500  \\$aCompare Maps K.Top.122.72. including a paper overlay, also with a note regarding the conservation of the Lieutenant Colonel's quarters within the plan.
=500  \\$aCumming (third edition) does not attribute the map to John Thomas and dates the map about 1760, but also suggests this may be incorrect.
=500  \\$aProduction details from a manuscript note in the British Museum catalogue (Maps C.21 bb.3) referencing a letter from Mrs Margaret Davis Cate, 29 July 1955.
=500  \\$aTitle at upper right.
=500  \\$aTitled "Plan d'un fort convenable en quelque endroit que ce soit d'une cote maritime" in St. Simon's Island; drawn a scale of 32 toises to an inch: 2 f. x 11 in. in the Catalogue of the manuscript maps, charts, and plans, and of the topographical drawings in the British Museum.
=500  \\$aTitled "Plan dessiné d'un Fort dans l'Isle de St. Simon" in the Catalogue of Maps, Prints, Drawings, etc., forming the geographical and topographical collection attached to the Library of his late Majesty King George the third, etc., London, 1829.
=500  \\$aWith a lettered key (A-N) beneath the title identifying locations of note within the fort.
=500  \\$aWith an "Eschelle de 200 Toises" at the left of the map.
=510  3\$aBritish Museum, Catalogue of Maps, Prints, Drawings, etc., forming the geographical and topographical collection attached to the Library of his late Majesty King George the third, etc., London, 1829
=510  3\$aCatalogue of the manuscript maps, charts, and plans, and of the topographical drawings in the British Museum
=510  4\$aCumming, William P. The Southeast in early maps. Third edition,$c320
=522  \\$aProposed fortifications on the southern tip of Saint Simons Island, Georgia.
=650  \0$aFortification$zGeorgia$zSaint Simons Island$vMaps, Manuscript$vEarly works to 1800.
=650  \0$aMilitary art and science$zGeorgia$zSaint Simons Island$vMaps, Manuscript$vEarly works to 1800.
=651  \0$aSaint Simons Island (Ga.)$vMaps, Manuscript$vEarly works to 1800.
=655  \7$aEarly maps.$2fast$0(OCoLC)fst01752681
=700  0\$aGeorge$bIII,$cKing of Great Britain,$d1738-1820,$eformer owner.$5Uk
=700  0\$aGeorge$bIV,$cKing of Great Britain,$d1762-1830,$edonor.$5Uk
=859  \\$aXLD$bDCW$bFrance in the Americas Project
=852  4\$cDRT$jDigital Store Maps K.Top.122.74.$aBritish Library$bMAPS
=985  \\$aRecord amended for WR1606-1727
=985  \\$aUpdated by MS generated file for WR2302-017
=CAT  \\$aBATCH-DCW$b00$c20191119$lBLL01$h0216
=CAT  \\$aW2007-1719$c20200806$lBLL01$h1507
=CAT  \\$aW2302-0174$c20230223$lBLL01$h2043
=FIN  \\$aY$d20191119
=LKR  \\$aPAR$lBLL01$r776$b004987602$mPlan dun Fort convenable en quelque endroit ce que soit dune Cote maritime Auquel on a changé la figure reguliere du 1.r Projet en une irreguliere daussi bonne deffence pour conserver la Maison de M.r le Liuet.t Colonnel.$nPlan dun Fort convenable en quelque endroit ce que soit dune Cote maritime Auquel on a changé la figure reguliere du 1.r Projet en une irreguliere daussi bonne deffence pour conserver la Maison de M.r le Liuet.t Colonnel.
=DGM  \\$a004987602$bCatBridge variable field
=DRT  \\$aDCW
=SRC  \\$aDCW$bDCW_20191118
=OHC  \\$a1
=LAS  \\$aW2302-0174$b00$c20230223$lBLL01$h2043

