=LDR  04279cfm a2200673 i 4500
=001  019615359
=003  Uk
=005  20230223171247.0
=007  cr\mn\024mpada
=007  aj\canzn
=008  990423s1738\\\\gaui\\\\\\a\\\\s0\e\fre\\
=FMT  \\$a  MP
=019  4\$am530514095
=034  1\$aa$b1750$dW0812352$eW0812307$fN0310815$gN0310757$2bound
=040  \\$aUk$beng$cUk$dUk$erda
=042  \\$aukblsr
=082  04$a912.758742$223
=100  1\$aThomas, John,$cthe Elder,$ecartographer.
=245  10$a[Map of the proposed fort and adjacent redoubt on Saint Simons Island].
=255  \\$aScale approximately 1:1,750$c(W 81°23'52"--W 81°23'07"/N 31°08'15"--N 31°07'57").
=264  \0$a[Georgia?] :$b[John Thomas, the Elder],$c[about 1738.]
=300  \\$a1 map :$bmanuscript pen and ink with watercolour over pencil ;$c27 x 57 cm
=336  \\$acartographic image$2rdacontent
=337  \\$acomputer$2rdamedia
=338  \\$aonline$2rdacarrier
=500  \\$aCompare Maps K.Top.122.74. - similar external fortfications but arrangement of buildings within this plan of the the fort differ.
=500  \\$aCumming (third edition) does not attribute the map to John Thomas and dates the map about 1760, but also suggests this may be incorrect.
=500  \\$aProduction details from a manuscript note in the British Museum catalogue (Maps C.21 bb.3) referencing a letter from Mrs Margaret Davis Cate, 29 July 1955.
=500  \\$aRelief (marsh areas) shown pictorially.
=500  \\$aThe map lacks a border on the upper edge and the explanatory text at uper right begins midway (?) through a sentence - incomplete.
=500  \\$aTitled "A colored plan of the fort in St. Simon's Island and of the adjacent redoubt; drawn by Capt. John Thomas in 1738 on a scale of 22 toises to an inch; 1 f. 10 in. x 10 1/2 in." in the Catalogue of the manuscript maps, charts, and plans, and of the topographical drawings in the British Museum.
=500  \\$aTitled "Plan dessiné d'un Fort dans l'Isle de St. Simon" in the Catalogue of Maps, Prints, Drawings, etc., forming the geographical and topographical collection attached to the Library of his late Majesty King George the third, etc., London, 1829.
=500  \\$aWith a detailed explanation and partial lettered key at upper right and further explanatory text across the bottom of the map.
=500  \\$aWith a simple compass rose at lower right orienting north to the top of the map.
=500  \\$aWith the scale "Echelle de 200 Toises" across the bottom of the map.
=510  3\$aBritish Museum, Catalogue of Maps, Prints, Drawings, etc., forming the geographical and topographical collection attached to the Library of his late Majesty King George the third, etc., London, 1829
=510  3\$aCatalogue of the manuscript maps, charts, and plans, and of the topographical drawings in the British Museum
=510  4\$aCumming, William P. The Southeast in early maps. Third edition,$c321
=650  \0$aFortification$zGeorgia$zSaint Simons Island$vMaps, Manuscript$vEarly works to 1800.
=650  \0$aMilitary art and science$zGeorgia$zSaint Simons Island$vMaps, Manuscript$vEarly works to 1800.
=651  \0$aSaint Simons Island (Ga.)$vMaps, Manuscript$vEarly works to 1800.
=655  \7$aEarly maps.$2fast$0(OCoLC)fst01752681
=700  0\$aGeorge$bIII,$cKing of Great Britain,$d1738-1820,$eformer owner.$5Uk
=700  0\$aGeorge$bIV,$cKing of Great Britain,$d1762-1830,$edonor.$5Uk
=859  \\$aXLD$bDCW$bFrance in the Americas Project
=852  4\$cDRT$jDigital Store Maps K.Top.122.75.$aBritish Library$bMAPS
=985  \\$aCorrected by BSS-generated file
=985  \\$aRecord amended for WR1606-1727
=985  \\$aUpdated by MS generated file for WR2302-017
=CAT  \\$aBATCH-DCW$b00$c20191119$lBLL01$h0216
=CAT  \\$aW2007-1719$c20200806$lBLL01$h1507
=CAT  \\$aW2302-0174$c20230223$lBLL01$h2043
=FIN  \\$aY$d20191119
=LKR  \\$aPAR$lBLL01$r776$b004987603$m[Map of the proposed fort and adjacent redoubt on Saint Simons Island].$n[Map of the proposed fort and adjacent redoubt on Saint Simons Island].
=DGM  \\$a004987603$bCatBridge variable field
=DRT  \\$aDCW
=SRC  \\$aDCW$bDCW_20191118
=OHC  \\$a1
=LAS  \\$aW2302-0174$b00$c20230223$lBLL01$h2043

