=LDR  04915cem a2200697 i 4500
=001  019621243
=003  Uk
=005  20230223171259.0
=007  cr\mn\024mpada
=007  aj\canzn
=008  940103s1687\\\\fr\i\\\\\\a\\\\s0\\\fre\\
=FMT  \\$a  MP
=019  4\$am030632056
=034  1\$aa$b4500000$dW1172000$eW1000300$fN0401900$gN0242100$2bound
=040  \\$aUk$beng$cUk$dUk$erda
=042  \\$aukblsr
=082  04$a912.789$223
=100  1\$aCoronelli, Vincenzo,$d1650-1718,$ecartographer.
=242  10$aNew Mexico.$yeng
=245  13$aLE NOUVEAU MEXIQUE appelé aussi NOUVELLE GRENADE et MARATA. Avec Partie de CALIFORNIE. /$cSelon les Memoires les plus nouveaux Par le Pere Coronelli Cosmographe de la SS.me Republique DE VENISE Corrigée et augmentée Par le S. Tillemon.
=255  \\$aScale approximately 1:4,500,000$c(W 117°20'00"--W 100°03'00"/N 40°19'00"--N 24°21'00").
=264  \1$aA PARIS :$bChez J.B. Nolin sur le Quay de l'Horloge, à l'Enseigne de la place des Victoires Vers le Pont Neuf Auec Privilege du Roy,$c168 [about 1687.]
=300  \\$a1 map :$bcopperplate engraving, hand colour in outline ;$c45 x 59 cm
=336  \\$acartographic image$2rdacontent
=337  \\$acomputer$2rdamedia
=338  \\$aonline$2rdacarrier
=500  \\$aDate from Burden.
=500  \\$aLists the provinces of New Mexico with a descriptive textual "Auertissement" in a decorative cartouche at lower right.
=500  \\$aRelief shown pictorially.
=500  \\$aSeparately published.
=500  \\$aShows California as an island.
=500  \\$aShows scales centrally comprising "Milles pas Geometrique ou Milles d'Italie", "Lieües Comunes de France", "Lieües Comunes d'Espagne" "Lieües Comunes de Mer" and "Lieües d'une heure de Chemin".
=500  \\$aShows the "Rio del Norte" or "Rio Bravo" (Rio Grande) flowing into the Gulf of Mexico, not the Gulf of California - Burden.
=500  \\$aShows the title and imprint in a decorative cartouche at upper right.
=500  \\$aState 1 of the map dated "168" (the imprint was altered for the second state, dated 1742) - Burden.
=500  \\$aThe text in the "Auertissement" references the manuscripts of "P. Esteuan" (Estevan) as a source for this map. Estevan's manuscript map is held by the Bibliotheque du Depot de la Marine according to Burden (and see Lowery 225) - "Carte du Nouveau Mexique tirée des relations de Mons.r le Comte de Peñalosa qui en a esté gouverneur en 1665 et du manuscrit du pere Estevan de Perea ...". Pelletier cites "Arch. nat., 6 JJ 75, p. 270" (Archives Nationales in Paris) as the location of the Estevan manuscript map in "The working-method of the new cartographers: The Gulf of Mexico and Spanish sources, 1696-1718" published by the Society for the History of Discoveries.
=500  \\$aTitled "Le Nouveau Mexique, appelé aussi Nouvelle Grenade et Marata, avec partie de Californie; par le Pére Coronelli, corrigée par Tiillemon, chez Nolin, 168" in the Catalogue of Maps, Prints, Drawings, etc., forming the geographical and topographical collection attached to the Library of his late Majesty King George the third, etc., London, 1829.
=510  3\$aBritish Museum, Catalogue of Maps, Prints, Drawings, etc., forming the geographical and topographical collection attached to the Library of his late Majesty King George the third, etc., London, 1829
=510  4\$aBurden, Philip D. The Mapping of North America II,$c631, State 1
=510  4\$aLowery, Wooodbury. The Lowery Collection. A descriptive list of maps of the Spanish possessions within the present limits of the United States,$b1502-1820,$c182
=651  \0$aNew Mexico$vMaps$vEarly works to 1800.
=651  \0$aRio Grande (Colo.-Mexico and Tex.)$vMaps$vEarly works to 1800.
=655  \7$aEarly maps.$2fast$0(OCoLC)fst01752681
=700  0\$aGeorge$bIII,$cKing of Great Britain,$d1738-1820,$eformer owner.$5Uk
=700  0\$aGeorge$bIV,$cKing of Great Britain,$d1762-1830,$edonor.$5Uk
=700  1\$aDu Tralage, Jean Nicolas,$d-1699.
=700  1\$aNolin, Jean Baptiste,$d1648-1708,$epublisher.
=859  \\$aXLD$bDCW$bFrance in the Americas Project
=852  4\$cDRT$jDigital Store Maps K.Top.122.99.$aBritish Library$bMAPS
=985  \\$aRecord amended for WR1606-1727
=985  \\$aUpdated by MS generated file for WR2302-017
=CAT  \\$aBATCH-DCW$b00$c20191123$lBLL01$h0221
=CAT  \\$aW2007-1719$c20200806$lBLL01$h1507
=CAT  \\$aW2302-0174$c20230223$lBLL01$h2043
=FIN  \\$aY$d20191123
=LKR  \\$aPAR$lBLL01$r776$b004812937$mLE NOUVEAU MEXIQUE appelé aussi NOUVELLE GRENADE et MARATA. Avec Partie de CALIFORNIE. /$nLE NOUVEAU MEXIQUE appelé aussi NOUVELLE GRENADE et MARATA. Avec Partie de CALIFORNIE. /
=DGM  \\$a004812937$bCatBridge variable field
=DRT  \\$aDCW
=SRC  \\$aDCW$bDCW_20191122
=OHC  \\$a1
=LAS  \\$aW2302-0174$b00$c20230223$lBLL01$h2043

