=LDR  04605cfm a2200697 i 4500
=001  019621244
=003  Uk
=005  20230223171259.0
=007  cr\mn\024mpada
=007  aj\canzn
=008  980317s1738\\\\gaui\\\\\\a\\\\s0\e\fre\\
=FMT  \\$a  MP
=019  4\$am120594110
=034  1\$aa$b3200$dW0812710$eW0812637$fN0305550$gN0305530$2bound
=040  \\$aUk$beng$cUk$dUk$erda
=042  \\$aukblsr
=082  04$a912.758746$223
=100  1\$aThomas, John,$cthe Elder,$ecartographer.
=242  10$aPlan of a small fort for Saint Andrews Island capable of containing, besides the Magazines, barracks for 200 garrisoned men and about 20 additional rooms for other inhabitants.$yeng
=245  10$aPLAN dun petit FORT pour l'Isle de S.t ANDRE capable de contenir outre les Magazins, des Barraques pour 200 Hommes de Garrison, & environ 20 Chambres de Surplus pour queleques autres Habitans.
=255  \\$aScale approximately 1:3,200$c(W 81°27'10"--W 81°26'37"/N 30°55'50"--N 30°55'30").
=264  \0$a[Georgia?] :$b[John Thomas, the Elder],$c[about 1738.]
=300  \\$a1 map :$bmanuscript pen and ink with watercolour over pencil ;$c40 x 30 cm
=336  \\$acartographic image$2rdacontent
=337  \\$acomputer$2rdamedia
=338  \\$aonline$2rdacarrier
=500  \\$aA note in pencil above the title adds "Cumberland" in place of "ANDRE" - the title should read "PLAN dun petit FORT pour l'Isle de CUMBERLAND ...".
=500  \\$aLettered key (A-K) beneath the title identifying locations of note.
=500  \\$aProduction details from Cumming (third edition) and from a manuscript note in the British Museum catalogue (Maps C.21 bb.3) referencing a letter from Mrs Margaret Davis Cate, 29 July 1955.
=500  \\$aRelief (marsh areas) shown pictorially.
=500  \\$aScale at upper right "Echelle de 200 Toises".
=500  \\$aShows a numbered grid system in pencil.
=500  \\$aTitle at upper right.
=500  \\$aTitled "Plan d'un petit Fort pour l'Isle de St André" or Cumberland Island; drawn on a scale of 33 toises to an inch: 1 f. 3 in. x 1 f. in the Catalogue of the manuscript maps, charts, and plans, and of the topographical drawings in the British Museum.
=500  \\$aTitled "Plan dessiné d'un petit Fort pour l'Isle de St. Andre" in the Catalogue of Maps, Prints, Drawings, etc., forming the geographical and topographical collection attached to the Library of his late Majesty King George the third, etc., London, 1829.
=510  3\$aBritish Museum, Catalogue of Maps, Prints, Drawings, etc., forming the geographical and topographical collection attached to the Library of his late Majesty King George the third, etc., London, 1829
=510  3\$aCatalogue of the manuscript maps, charts, and plans, and of the topographical drawings in the British Museum
=510  4\$aCumming, William P. The Southeast in early maps. Third edition,$c322
=522  \\$aA proposed plan for Fort Saint Andrews on Cumberland Island, Georgia.
=650  \0$aFortification$zGeorgia$zCumberland Island$vMaps, Manuscript$vEarly works to 1800.
=650  \0$aMilitary art and science$zGeorgia$zCumberland Island$vMaps, Manuscript$vEarly works to 1800.
=651  \0$aCumberland Island (Ga.)$vMaps, Manuscript$vEarly works to 1800.
=651  \0$aFort Saint Andrew (Ga.)$vMaps, Manuscript$vEarly works to 1800.
=655  \7$aEarly maps.$2fast$0(OCoLC)fst01752681
=700  0\$aGeorge$bIII,$cKing of Great Britain,$d1738-1820,$eformer owner.$5Uk
=700  0\$aGeorge$bIV,$cKing of Great Britain,$d1762-1830,$edonor.$5Uk
=859  \\$aXLD$bDCW$bFrance in the Americas Project
=852  4\$cDRT$jDigital Store Maps K.Top.122.76.$aBritish Library$bMAPS
=985  \\$a651/2=New
=985  \\$aRecord amended for WR1606-1727
=985  \\$aUpdated by MS generated file for WR2302-017
=CAT  \\$aBATCH-DCW$b00$c20191123$lBLL01$h0221
=CAT  \\$aW2007-1719$c20200806$lBLL01$h1507
=CAT  \\$aW2302-0174$c20230223$lBLL01$h2043
=FIN  \\$aY$d20191123
=LKR  \\$aPAR$lBLL01$r776$b004923237$mPLAN dun petit FORT pour l'Isle de S.t ANDRE capable de contenir outre les Magazins, des Barraques pour 200 Hommes de Garrison, & environ 20 Chambres de Surplus pour queleques autres Habitans.$nPLAN dun petit FORT pour l'Isle de S.t ANDRE capable de contenir outre les Magazins, des Barraques pour 200 Hommes de Garrison, & environ 20 Chambres de Surplus pour queleques autres Habitans.
=DGM  \\$a004923237$bCatBridge variable field
=DRT  \\$aDCW
=SRC  \\$aDCW$bDCW_20191122
=OHC  \\$a1
=LAS  \\$aW2302-0174$b00$c20230223$lBLL01$h2043

