=LDR  06317cem a2200805 i 4500
=001  019621245
=003  Uk
=005  20230223171259.0
=007  cr\mn\024mpada
=007  aj\canzn
=008  940114s1808\\\\fr\i\\\\\\a\\\\s0\\\fre\\
=FMT  \\$a  MP
=034  1\$aa$b1535000$dW0925400$eW0682500$fN0492200$gN0285100$2bound
=040  \\$aUk$beng$cUk$dUk$erda
=041  \\$afre$aeng
=042  \\$aukblsr
=082  04$a912.73$223
=100  1\$aTardieu, P. F.$q(Pierre François),$d1757-1822,$ecartographer.
=245  10$aUNITED STATES of Nth. AMERICA CARTE des ETATS-UNIS DE L'AMÉRIQUE SEPTENTRIONALE COPIÉE et GRAVÉE sur celle D'ARROWSMITH Corrigée et considérablement augmnetée d'Après les renseignemens les plus authentiques /$cpar P. F. TARDIEU, Graveur, Editeur-propriétaire Place de l'Estrapade No. 18. A PARIS 1808.
=255  \\$aScale approximately 1:1,535,000$c(W 92°54'00"--W 68°25'00"/N 49°22'00"--N 28°51'00").
=264  \1$aà Paris ;$aà Strasbourg :$bChez TARDIEU, Graveur et Editeur-Propriétaire, Place de l'Estrapade, No. 1,$bChez DEZAUCHE, Ingénieur Géographe, Rue des Noyers,$bChez CHLES. PICQUET, Géographe-Graveur, Quai Voltaire près de la Rue de Bonne, No. 14,$bChez TREUTTEL et WÜRTZ, Libraire, Quai Voltaire, No. 2,$bChez TREUTTEL et WÜRTZ, Libraire, Grande Rue No. 15,$c[1808.]
=300  \\$a1 map on 4 sheets :$bengraving with original hand colour ;$c122 x 138 cm
=336  \\$acartographic image$2rdacontent
=337  \\$acomputer$2rdamedia
=338  \\$aonline$2rdacarrier
=500  \\$a"Ecrit par JJ Pachoux" is shown outside the neatline at lower right.
=500  \\$a"Tooley's Dictionary of Mapmakers Q-Z" suggests P.F. Tardieu was actually Antoine-François Tardieu (1757-1822) who often signed his name as Pierre François in honour of his uncle.
=500  \\$aAn additional engraved note states this map may be regarded as a new edition of Tardieu's 1802 map with additional detail from the journal of "Mr. Ellicot" and from "l'Atlas de Morse édition de 1805".
=500  \\$aAn engraved note above the title (in French) states the map is copied from Aaron Arrowsmith with corrections made. "Fayden" is also cited as a source for cartographic detail in Canada.
=500  \\$aAn engraved note below the plan of Washington reads "Déposée à la Bibliothèque Nationale en Brumaire An XI".
=500  \\$aIncludes an inset map of Washington; "PLAN DE LA VILLE DE WASHINGTON située sur le Territoire de Colombia cedé par les Etats de VIRGINIE et MARYLAND AUX ETATS UNIS D'AMÉRIQUE et établi par eux comme le Siege de leur Gouvernement depuis l'Année 1800". The map measures 23 x 30 cm and has its own scale of 200 Perches to 1 inch (approximately 1:39,600).
=500  \\$aRelief is shown pictorially.
=500  \\$aShows roads.
=500  \\$aThe map's multiple imprints are given in the lower margin. Only Tardieu's name is printed within the title.
=500  \\$aThe map's title appears within an engraved illustration of Niagara Falls with descriptive text below in both French and English.
=500  \\$aThe mileage scales are given above the title at lower right; "Scale of Geographical Miles", "Lieues communes de France" and "Lieues Marines". One inch is equal to 10 "lieues communes".
=500  \\$aTitled "Carte des Etats Unis de l'Amerique Septentrionale, copiée et gravée sur celle d'Arrowsmith; corrigée et augmentée par P.F. Tardieu, 1804.4 feuilles" in the Catalogue of Maps, Prints, Drawings, etc., forming the geographical and topographical collection attached to the Library of his late Majesty King George the third, etc., London, 1829.
=510  3\$aBritish Museum, Catalogue of Maps, Prints, Drawings, etc., forming the geographical and topographical collection attached to the Library of his late Majesty King George the third, etc., London, 1829
=510  4\$aPhillips, P. Lee. A list of maps of America in the Library of Congress,$cpage 876
=522  \\$aThe map shows the United States as known at the time of publication. Detail extends from the Atlantic Ocean westwards to the Missouri River, just beyond the Mississippi. Five Great Lakes are shown in the north and detail extends southwards to the Gulf of Mexico, excluding Florida.
=546  \\$aWith titles and text notes in French and English.
=651  \0$aUnited States$vMaps.
=655  \7$aMaps.$2fast$0(OCoLC)fst01423704
=700  0\$aGeorge$bIII,$cKing of Great Britain,$d1738-1820,$eformer owner.$5Uk
=700  0\$aGeorge$bIV,$cKing of Great Britain,$d1762-1830,$edonor.$5Uk
=700  1\$aArrowsmith, Aaron,$d1750-1823.
=700  1\$aDezauche, Jean Claude.
=700  1\$aEllicott, Andrew,$d1754-1820,$ecartographer.
=700  1\$aPachoux, J. J.
=700  1\$aPicquet, Charles.
=710  2\$aTreuttel et Würtz.
=787  0\$tCarte des États-Unis de l'Amérique Septentrionale. Copiée et gravée sur celle d'Arrowsmith, corrigée et ... augmentée ... par P.F. Tardi***$w(Uk)MP17.0000147329$dParis, 1802
=859  \\$aXLD$bDCW$bFrance in the Americas Project
=852  4\$cDRT$jDigital Store Maps K.Top.120.4.2 TAB.END.$aBritish Library$bMAPS
=985  \\$a700/5=NEW
=985  \\$aDisaggregated record: Type B
=985  \\$aRecord amended for WR1606-1727
=985  \\$aUpgraded by BSS-generated file for WR2011-1473
=985  \\$aUpdated by MS generated file for WR2302-017
=CAT  \\$aBATCH-DCW$b00$c20191123$lBLL01$h0221
=CAT  \\$aW2007-1719$c20200806$lBLL01$h1507
=CAT  \\$aW2011-1473$b00$c20201124$lBLL01$h1906
=CAT  \\$aW2302-0174$c20230223$lBLL01$h2043
=FIN  \\$aY$d20191123
=LKR  \\$aPAR$lBLL01$r776$b004948972$mUNITED STATES of Nth. AMERICA CARTE des ETATS-UNIS DE L'AMÉRIQUE SEPTENTRIONALE COPIÉE et GRAVÉE sur celle D'ARROWSMITH Corrigée et considérablement augmnetée d'Après les renseignemens les plus authentiques /$nUNITED STATES of Nth. AMERICA CARTE des ETATS-UNIS DE L'AMÉRIQUE SEPTENTRIONALE COPIÉE et GRAVÉE sur celle D'ARROWSMITH Corrigée et considérablement augmnetée d'Après les renseignemens les plus authentiques /
=DGM  \\$a004948972$bCatBridge variable field
=DRT  \\$aDCW
=SRC  \\$aDCW$bDCW_20191122
=OHC  \\$a1
=LAS  \\$aW2302-0174$b00$c20230223$lBLL01$h2043

