=LDR  04240cfm a2200601 i 4500
=001  019621246
=003  Uk
=005  20230223171259.0
=007  cr\mn\024mpada
=007  aj\canzn
=008  940123s1731\\\\xx\\\\\\\\a\\\\s0\e\fre\\
=FMT  \\$a  MP
=019  4\$am530508079
=034  1\$aa$b87700$dW0914400$eW0885400$fN0313500$gN0285400$2bound
=040  \\$aUk$beng$cUk$dUk$erda
=042  \\$aukblsr
=082  04$a912.76$223
=100  1\$aGonichon, Jean-Baptiste,$d1685?-1755,$ecartographer.
=242  10$aMap of the course of the Mississippi or Saint Louis River from New Orleans to Natchez drawn in 1731 = Map of the mouth of the Mississippi or Saint Louis River to the sea made in 1731.$yeng
=245  10$aCarte du cours du fleuve Mississipi ou de Saint Louis Depuis la Nouvelle Orleans Jusqu'au Natchez leué en 1731 = Carte de l'embouchure du fleuve Mississipi ou de S.t Louis depuis la Nouvelle Orleans jusqua la Mer fait en 1731.
=255  \\$aScale approximately 1:87,700$c(W 91°44'00"--W 88°54'00"/N 31°35'00"--N 28°54'00").
=264  \0$a[Place of production not identified] :$b[S.r Gonichon],$c1731.
=300  \\$a1 map on 15 sheets :$bjoined and laid on linen, manuscript pen and ink with watercolour over pencil ;$c351 x 83 cm
=336  \\$acartographic image$2rdacontent
=337  \\$acomputer$2rdamedia
=338  \\$aonline$2rdacarrier
=500  \\$a"Carte de l'embouchure ..." title at lower left. "Carte du cours du flueve Mississipi ..." title at centre right.
=500  \\$aProduction details from British Museum catalogue.
=500  \\$aShows a scale with each title "Echelle de six milles toises".
=500  \\$aShows brief textual notes in French describing settlements and terrain on the river.
=500  \\$aTitled "Carte dessinée du Cours du Fleuve Mississippi, ou de St. Louis, depuis Natchez jusqu'à son Embouchure, levée en 1731: par le S.t Gonichon. Sept feuilles" in the Catalogue of Maps, Prints, Drawings, etc., forming the geographical and topographical collection attached to the Library of his late Majesty King George the third, etc., London, 1829.
=500  \\$aTitled 'A colored "Carte du cours du fleuve Mississippi, ou de St. Louis, depuis la Nouvelle Orléans jusqu'au Natchez, levé en 1731;" drawn by the Sr. Gonichon, on a scale of 1100 toises to an inch: 11 f. 6 in. x 2 f. 8 in.' in the Catalogue of the manuscript maps, charts, and plans, and of the topographical drawings in the British Museum.
=510  3\$aBritish Museum, Catalogue of Maps, Prints, Drawings, etc., forming the geographical and topographical collection attached to the Library of his late Majesty King George the third, etc., London, 1829
=510  3\$aCatalogue of the manuscript maps, charts, and plans, and of the topographical drawings in the British Museum
=651  \0$aMississippi River$vMaps, Manuscript$vEarly works to 1800.
=655  \7$aEarly maps.$2fast$0(OCoLC)fst01752681
=700  0\$aGeorge$bIII,$cKing of Great Britain,$d1738-1820,$eformer owner.$5Uk
=700  0\$aGeorge$bIV,$cKing of Great Britain,$d1762-1830,$edonor.$5Uk
=859  \\$aXLD$bDCW$bFrance in the Americas Project
=852  4\$cDRT$jDigital Store Maps K.Top.122.91.$aBritish Library$bMAPS
=985  \\$aCorrected by BSS-generated file
=985  \\$aRecord amended for WR1606-1727
=985  \\$aUpdated by MS generated file for WR2302-017
=CAT  \\$aBATCH-DCW$b00$c20191123$lBLL01$h0221
=CAT  \\$aW2007-1719$c20200806$lBLL01$h1507
=CAT  \\$aW2302-0174$c20230223$lBLL01$h2043
=FIN  \\$aY$d20191123
=LKR  \\$aPAR$lBLL01$r776$b004987552$mCarte du cours du fleuve Mississipi ou de Saint Louis Depuis la Nouvelle Orleans Jusqu'au Natchez leué en 1731 = Carte de l'embouchure du fleuve Mississipi ou de S.t Louis depuis la Nouvelle Orleans jusqua la Mer fait en 1731.$nCarte du cours du fleuve Mississipi ou de Saint Louis Depuis la Nouvelle Orleans Jusqu'au Natchez leué en 1731 = Carte de l'embouchure du fleuve Mississipi ou de S.t Louis depuis la Nouvelle Orleans jusqua la Mer fait en 1731.
=DGM  \\$a004987552$bCatBridge variable field
=DRT  \\$aDCW
=SRC  \\$aDCW$bDCW_20191122
=OHC  \\$a1
=LAS  \\$aW2302-0174$b00$c20230223$lBLL01$h2043

