=LDR  03588cfm a2200649 i 4500
=001  019621247
=003  Uk
=005  20230223171259.0
=007  cr\mn\024mpada
=007  aj\canzn
=008  980930q1728\\\\xx\i\\\\\\a\\\\s0\e\fre\\
=FMT  \\$a  MP
=019  4\$am530509075
=034  0\$aa$dW0900423$eW0900323$fN0295800$gN0295700$2bound
=040  \\$aUk$beng$cUk$dUk$erda
=042  \\$aukblsr
=082  04$a912.76335$223
=242  00$aPlan of the town of Orleans as it was in May 1728.$yeng
=245  00$aPlan de la Ville d'Orleans telle qu'elle etoit en May 1728.
=255  \\$aScale not given$c(W 90°04'23"--W 90°03'23"/N 29°58'00"--N 29°57'00").
=264  \0$a[Place of production not identified] :$b[producer not identified],$c[1728?]
=300  \\$a1 map on 4 sheets :$bjoined and laid on linen, manuscript pen and ink with watercolour over pencil ;$c79 x 111 cm
=336  \\$acartographic image$2rdacontent
=337  \\$acomputer$2rdamedia
=338  \\$aonline$2rdacarrier
=500  \\$aAdditional text (illegible) in pencil shows (?) "les lignes leves de Rouge le jouent les Eritage"?
=500  \\$aNames streets.
=500  \\$aRelief (marsh areas) shown pictorially.
=500  \\$aShows felled trees outside the city.
=500  \\$aShows gardens at lower left.
=500  \\$aShows numbered plots of land (no key present).
=500  \\$aShows pitched roofs - could be indicative of style of John Thomas, the elder?
=500  \\$aThe map is bordered by the "Cimitiere" (cemetery) at the top and the Mississippi River at the bottom.
=500  \\$aTitle in faint pencil at the top of the map.
=500  \\$aTitled "Plan de la ville d'Orléans telle qu'elle étoit en May, 1728:" 3 f. 7 in. x 2 f. 7 in. in the Catalogue of the manuscript maps, charts, and plans, and of the topographical drawings in the British Museum.
=500  \\$aTitled "Plan dessiné de la Ville d'Orleans telle qu'elle étoit en May 1728. Quatre feuilles" in the Catalogue of Maps, Prints, Drawings, etc., forming the geographical and topographical collection attached to the Library of his late Majesty King George the third, etc., London, 1829.
=510  3\$aBritish Museum, Catalogue of Maps, Prints, Drawings, etc., forming the geographical and topographical collection attached to the Library of his late Majesty King George the third, etc., London, 1829
=510  4\$aCatalogue of the manuscript maps, charts, and plans, and of the topographical drawings in the British Museum
=522  \\$aNew Orleans as it was in May 1728.
=651  \0$aNew Orleans (La.)$vMaps, Manuscript$vEarly works to 1800.
=655  \7$aEarly maps.$2fast$0(OCoLC)fst01752681
=700  0\$aGeorge$bIII,$cKing of Great Britain,$d1738-1820,$eformer owner.$5Uk
=700  0\$aGeorge$bIV,$cKing of Great Britain,$d1762-1830,$edonor.$5Uk
=859  \\$aXLD$bDCW$bFrance in the Americas Project
=852  4\$cDRT$jDigital Store Maps K.Top.122.98.$aBritish Library$bMAPS
=985  \\$aRecord amended for WR1606-1727
=985  \\$aUpdated by MS generated file for WR2302-017
=CAT  \\$aBATCH-DCW$b00$c20191123$lBLL01$h0221
=CAT  \\$aW2007-1719$c20200806$lBLL01$h1507
=CAT  \\$aW2302-0174$c20230223$lBLL01$h2043
=FIN  \\$aY$d20191123
=LKR  \\$aPAR$lBLL01$r776$b004987559$mPlan de la Ville d'Orleans telle qu'elle etoit en May 1728.$nPlan de la Ville d'Orleans telle qu'elle etoit en May 1728.
=DGM  \\$a004987559$bCatBridge variable field
=DRT  \\$aDCW
=SRC  \\$aDCW$bDCW_20191122
=OHC  \\$a1
=LAS  \\$aW2302-0174$b00$c20230223$lBLL01$h2043

