=LDR  04768cfm a2200697 i 4500
=001  019621248
=003  Uk
=005  20230223171259.0
=007  cr\mn\024mpada
=007  aj\canzn
=008  990423s1738\\\\gau\\\\\\\a\\\\s0\e\fre\\
=FMT  \\$a  MP
=019  4\$am530514060
=034  1\$aa$b7700$dW0812352$eW0812307$fN0310815$gN0310757$2bound
=040  \\$aUk$beng$cUk$dUk$erda
=042  \\$aukblsr
=082  04$a912.758742$223
=100  1\$aThomas, John,$cthe Elder,$ecartographer.
=242  10$a1st Plan of the proposed fort on Saint Simons Island for the defense of the harbour of Jenkins Sound.$yeng
=245  10$a1.r Plan du fort proposé dans l'Ille de S.t Simon pour la deffence de l'Entree du Havre de Jenkins Sownd.
=255  \\$aScale approximately 1:7,700$c(W 81°23'52"--W 81°23'07"/N 31°08'15"--N 31°07'57").
=264  \0$a[Georgia?] :$b[John Thomas, the Elder],$c[about 1738.]
=300  \\$a1 map :$bmanuscript pen and ink with watercolour ;$c40 x 32 cm
=336  \\$acartographic image$2rdacontent
=337  \\$acomputer$2rdamedia
=338  \\$aonline$2rdacarrier
=500  \\$aA separate paper overlay on the map offers an alternative proposal for the fort and shows rounded defences facing the harbour.
=500  \\$aCompare Maps K.Top.122.73.
=500  \\$aCompare Maps K.Top.122.74. - an enlarged plan also intended to conserve the Lietenant Colonel's quarters.
=500  \\$aPoints A (by the fort) B (in the harbour) are marked on the map, indicating the distance between the fort and the deepest point of the harbour.
=500  \\$aProduction details from Cumming (third edition - for Maps K.Top.122.73.) and from a manuscript note in the British Museum catalogue (Maps C.21 bb.3) referencing a letter from Mrs Margaret Davis Cate, 29 July 1955.
=500  \\$aShows a boundary line around the fort on land.
=500  \\$aThe map shows the fort with pointed defences facing the harbour.
=500  \\$aThe overlay includes a note in French that the alteration is " ... pour conserver la Maison de M.r le Lieut.t Vollonnel ..." (to conserve the house of the Lieutenant Colonel).
=500  \\$aTitled "Plan dessiné du Fort proposé dans l'Isle de St. Simon pour la deffence de l'entrée du Havre de Jenkin's Sound" in the Catalogue of Maps, Prints, Drawings, etc., forming the geographical and topographical collection attached to the Library of his late Majesty King George the third, etc., London, 1829.
=500  \\$aTitled "Plan du fort proposé dans l'Isle de St. Simon pour la deffence de l'entrée du Havre de Jenkins sownd;" drawn by a scale of 100 toises to an inch: 1 f. 4 in. x 1 f. in the Catalogue of the manuscript maps, charts, and plans, and of the topographical drawings in the British Museum.
=500  \\$aWith an "Echelle de mille Toises ou de 6000 pieds" across the top of the map.
=510  3\$aBritish Museum, Catalogue of Maps, Prints, Drawings, etc., forming the geographical and topographical collection attached to the Library of his late Majesty King George the third, etc., London, 1829
=510  3\$aCatalogue of the manuscript maps, charts, and plans, and of the topographical drawings in the British Museum
=510  4\$aCumming, William P. The Southeast in early maps. Third edition,$c319 (for Maps K.Top.122.73.)
=522  \\$aA map of the proposed fort on the southern tip of Saint Simons Island, with the harbour.
=650  \0$aFortification$zGeorgia$zSaint Simons Island$vMaps, Manuscript$vEarly works to 1800.
=650  \0$aMilitary art and science$zGeorgia$zSaint Simons Island$vMaps, Manuscript$vEarly works to 1800.
=651  \0$aSaint Simons Island (Ga.)$vMaps, Manuscript$vEarly works to 1800.
=655  \7$aEarly maps.$2fast$0(OCoLC)fst01752681
=700  0\$aGeorge$bIII,$cKing of Great Britain,$d1738-1820,$eformer owner.$5Uk
=700  0\$aGeorge$bIV,$cKing of Great Britain,$d1762-1830,$edonor.$5Uk
=859  \\$aXLD$bDCW$bFrance in the Americas Project
=852  4\$cDRT$jDigital Store Maps K.Top.122.72.$aBritish Library$bMAPS
=985  \\$aRecord amended for WR1606-1727
=985  \\$aUpdated by MS generated file for WR2302-017
=CAT  \\$aBATCH-DCW$b00$c20191123$lBLL01$h0221
=CAT  \\$aW2007-1719$c20200806$lBLL01$h1507
=CAT  \\$aW2302-0174$c20230223$lBLL01$h2043
=FIN  \\$aY$d20191123
=LKR  \\$aPAR$lBLL01$r776$b004987600$m1.r Plan du fort proposé dans l'Ille de S.t Simon pour la deffence de l'Entree du Havre de Jenkins Sownd.$n1.r Plan du fort proposé dans l'Ille de S.t Simon pour la deffence de l'Entree du Havre de Jenkins Sownd.
=DGM  \\$a004987600$bCatBridge variable field
=DRT  \\$aDCW
=SRC  \\$aDCW$bDCW_20191122
=OHC  \\$a1
=LAS  \\$aW2302-0174$b00$c20230223$lBLL01$h2043

