=LDR  06000cfm a2200637 i 4500
=001  019621249
=003  Uk
=005  20230223171259.0
=007  cr\mn\024mpada
=007  aj\canzn
=008  940123m17591764nyu\\\\\\\a\\\\s0\e\eng\\
=FMT  \\$a  MP
=019  4\$am530528053
=034  1\$aa$b633600$dW0790500$eW0762800$fN0432800$gN0430400$2bound
=040  \\$aUk$beng$cUk$dUk$erda
=042  \\$aukblsr
=082  04$a912.7479$223
=100  1\$aDemler, George,$ecartographer.
=245  12$aA Sketch of Lake Ontario between Oswego and Niagara and from thence up the River to the upper end of the Carrying place /$ctaken by Geo: Demler acting Engineer.
=255  \\$aScale approximately 1:633,600$c(W 79°05'00"--W 76°28'00"/N 43°28'00"--N 43°04'00").
=264  \0$a[Fort Niagara?] :$bGeo: Demler acting Engineer,$c[between 1759 and 1764.]
=300  \\$a1 map :$bmanuscript pen and ink with watercolour ;$c19 x 50 cm
=336  \\$acartographic image$2rdacontent
=337  \\$acomputer$2rdamedia
=338  \\$aonline$2rdacarrier
=500  \\$aA manuscript note after the map's title is as follows; "Nota: from Oswego to Niagara is by all appearence no harbour for any other vessel except Battoes to put in in times of any Tempest, which are very frequent there, and sometimes so violent as to destroy the Boats with all in them, whereof we had instances enough during our being here; between the West Shore and the Little Island at the mouth of Asserotus River is by my guess watter enough for large Vessels to come in but as we came there late in the Evening, and let out the next morning, by day break, I had not time to sound that place all the rest of the other Rivers and Creeks a long that side the Lake are choked up with sand and gravel, at their mouth, and only a narrow passage left for the watter to run out which comunly is no more than between 3 and four feet deep. from Niagara to to the upper end of the Falls, and its Rifts, is a good Wagon Road and very fine Land. the river Runs from the falls to the Lower end of the Portage between, two 100 yard steep and most perpendicular bonds or Hills and is full of falls and Rifts quite narrow, but the ground a toop of those hills is when one once is up, quite level. all the posts that where erected there have been distroyed by our Indians during the Siege. from the upper to the Intrance of the Lake is called by the French about a 3 Leagues distance. the Falls greatest hight is 132 feet at the N. End of it".
=500  \\$aLieutenant George Demler was responsible for a further map of Fort Niagara in 1764 (British Library, MS 57708).
=500  \\$aOriented with north to the bottom of the map.
=500  \\$aThe "Scale of this Sketch is 10 miles to one inch".
=500  \\$aThe Bibliothèque et Archives Canada hold a photocopy of this map (CARTO30962), also dated to 1759, taken from this British Library copy (Maps K.Top.121.15.1.).
=500  \\$aThe William L. Clements Library list "A sketch of the south shore; of Lake Ontario between Oswego; and niagara, and from thence up the river to a-boute two miles above the Falls. done by Geo[rge] Demler engineer". This map is also at a scale of 1 inch to 10 miles. The William L. Clements Library attribute a date of about 1753. The map may be found in the Gage Papers and is listed in Brun, Christian. Guide to the manuscript maps in the William L. Clements Library.
=500  \\$aThe reference to a siege on the map (the Battle of Fort Niagara in July 1759) dates this map to no earlier than 1759. Other maps by George Demler of this region are dated before 1764 - see British Library, MS 57708.
=500  \\$aTitled "A drawn Sketch of Lake Ontario, between Oswego and Niagara, by G. Demler, Eng.r" in Catalogue of Maps, Prints, Drawings, etc., forming the geographical and topographical collection attached to the Library of his late Majesty King George the third, etc., London, 1829.
=500  \\$aTitled 'A colored chart of the south coast of "Lake Ontario, between Oswego and Niagara, and from thence up the river to the upper end of the carrying place: taken by George Demler, acting engineer;" drawn on a scale of 10 miles to an inch: 1 f. 8 in. x 1 f. 4 in." in the Catalogue of the manuscript maps, charts, and plans, and of the topographical drawings in the British Museum.
=510  3\$aBritish Museum, Catalogue of Maps, Prints, Drawings, etc., forming the geographical and topographical collection attached to the Library of his late Majesty King George the third, etc., London, 1829
=510  3\$aCatalogue of the manuscript maps, charts, and plans, and of the topographical drawings in the British Museum
=651  \0$aOntario, Lake (N.Y. and Ont.)$vMaps, Manuscript$vEarly works to 1800.
=651  \0$aUnited States$xHistory$yFrench and Indian War, 1754-1763$vMaps, Manuscript$vEarly works to 1800.
=655  \7$aEarly maps.$2fast$0(OCoLC)fst01752681
=700  0\$aGeorge$bIII,$cKing of Great Britain,$d1738-1820,$eformer owner.$5Uk
=700  0\$aGeorge$bIV,$cKing of Great Britain,$d1762-1830,$edonor.$5Uk
=859  \\$aXLD$bDCW$bFrance in the Americas Project
=852  4\$cDRT$jDigital Store Maps K.Top.121.15.1.$aBritish Library$bMAPS
=985  \\$aCorrected by BSS-generated file
=985  \\$aRecord amended for WR1606-1727
=985  \\$aUpdated by MS generated file for WR2302-017
=CAT  \\$aBATCH-DCW$b00$c20191123$lBLL01$h0221
=CAT  \\$aW2007-1719$c20200806$lBLL01$h1507
=CAT  \\$aW2302-0174$c20230223$lBLL01$h2043
=FIN  \\$aY$d20191123
=LKR  \\$aPAR$lBLL01$r776$b004987719$mA Sketch of Lake Ontario between Oswego and Niagara and from thence up the River to the upper end of the Carrying place /$nA Sketch of Lake Ontario between Oswego and Niagara and from thence up the River to the upper end of the Carrying place /
=DGM  \\$a004987719$bCatBridge variable field
=DRT  \\$aDCW
=SRC  \\$aDCW$bDCW_20191122
=OHC  \\$a1
=LAS  \\$aW2302-0174$b00$c20230223$lBLL01$h2043

