=LDR  03809cfm a2200649 i 4500
=001  019621251
=003  Uk
=005  20230223171259.0
=007  cr\mn\024mpada
=007  aj\canzn
=008  940123s1756\\\\nyub\\\\\\a\\\\s0\e\eng\\
=FMT  \\$a  MP
=019  4\$am530534037
=034  0\$aa$dW0732831$eW0732125$fN0435051$gN0434743$2bound
=040  \\$aUk$beng$cUk$dUk$erda
=042  \\$aukblsr
=052  7\$a912.74753$223
=245  03$a[A map showing the northern part of Lake George and Fort Ticonderoga].
=255  \\$aScale not given$c(W 73°28'31"--W 73°21'25"/N 43°50'51"--N 43°47'43").
=264  \0$a[Lake George?] :$b[producer not identified],$c[about 1756.]
=300  \\$a1 map :$bmanuscript pen and ink with watercolour over pencil ;$c35 x 30 cm
=336  \\$acartographic image$2rdacontent
=337  \\$acomputer$2rdamedia
=338  \\$aonline$2rdacarrier
=500  \\$aA date of about 1756 is attributed in previous British Library cataloguing and because the map shows Fort Ticonderoga (or Fort Carillon) before the 1758 Battle of Carillon.
=500  \\$aA directional pointer surmounted by a fleur de lys orients north to the top of the map.
=500  \\$aCompare with another map from the King's Topographical Collection in a similar hand (Maps K.Top.121.22.).
=500  \\$aFort Ticonderoga is named "Ticonde".
=500  \\$aRelief is shown by shading.
=500  \\$aShows a saw mill.
=500  \\$aThe "Advanced Guard" is marked at the entrance to The Narrows on Lake George.
=500  \\$aTitled "A drawn Plan of the Northern part of Lake George" in the Catalogue of Maps, Prints, Drawings, etc., forming the geographical and topographical collection attached to the Library of his late Majesty King George the third, etc., London, 1829.
=500  \\$aTitled "A survey of the country between the upper part of Lake George and Fort Ticonderoga; drawn about 1756: 1 f. 2 in. x 1 f." in the Catalogue of the manuscript maps, charts, and plans, and of the topographical drawings in the British Museum.
=510  3\$aBritish Museum, Catalogue of Maps, Prints, Drawings, etc., forming the geographical and topographical collection attached to the Library of his late Majesty King George the third, etc., London, 1829
=510  3\$aCatalogue of the manuscript maps, charts, and plans, and of the topographical drawings in the British Museum
=650  \0$aMilitary art and science$zNew York (State)$zGeorge, Lake (Lake)$vMaps, Manuscript$vEarly works to 1800.
=651  \0$aFort Ticonderoga (N.Y.)$vMaps, Manuscript$vEarly works to 1800.
=651  \0$aGeorge, Lake (N.Y. : Lake)$vMaps, Manuscript$vEarly works to 1800.
=651  \0$aUnited States$xHistory$yFrench and Indian War, 1754-1763$vMaps, Manuscript$vEarly works to 1800.
=655  \7$aEarly maps.$2fast$0(OCoLC)fst01752681
=700  0\$aGeorge$bIII,$cKing of Great Britain,$d1738-1820,$eformer owner.$5Uk
=700  0\$aGeorge$bIV,$cKing of Great Britain,$d1762-1830,$edonor.$5Uk
=859  \\$aXLD$bDCW$bFrance in the Americas Project
=852  4\$cDRT$jDigital Store Maps K.Top.121.26.$aBritish Library$bMAPS
=985  \\$aCorrected by BSS-generated file
=985  \\$aRecord amended for WR1606-1727
=985  \\$aUpdated by MS generated file for WR2302-017
=CAT  \\$aBATCH-DCW$b00$c20191123$lBLL01$h0221
=CAT  \\$aW2007-1719$c20200806$lBLL01$h1507
=CAT  \\$aW2302-0174$c20230223$lBLL01$h2043
=FIN  \\$aY$d20191123
=LKR  \\$aPAR$lBLL01$r776$b004987772$m[A map showing the northern part of Lake George and Fort Ticonderoga].$n[A map showing the northern part of Lake George and Fort Ticonderoga].
=DGM  \\$a004987772$bCatBridge variable field
=DRT  \\$aDCW
=SRC  \\$aDCW$bDCW_20191122
=OHC  \\$a1
=LAS  \\$aW2302-0174$b00$c20230223$lBLL01$h2043

