=LDR  03817cem a2200661 i 4500
=001  019621252
=003  Uk
=005  20230223171259.0
=007  cr\mn\024mpada
=007  aj\aanzn
=008  940109s1752\\\\fr\e\\\\\\a\\\\s0\\\fre\\
=FMT  \\$a  MP
=034  1\$aa$b836000$dW0940300$eW0844600$fN0324300$gN0285100$2bound
=040  \\$aUk$beng$cUk$dUk$erda
=042  \\$aukblsr
=082  04$a912.763$223
=100  1\$aAnville, Jean Baptiste Bourguignon d',$d1697-1782,$ecartographer.
=242  10$aMap of Louisiana.$yeng
=245  10$aCARTE DE LA LOUISIANE /$cPAR LE S.r D'ANVILLE Dressée en Mai 1732. Publiée en 1752.
=255  \\$aScale approximately 1:836,000$c(W 94°03'00"--W 84°46'00"/N 32°43'00"--N 28°51'00").
=264  \1$a[Paris] :$bPAR LE S.r D'ANVILLE Dressée en Mai 1732. Publiée en 1752,$c[after 1752.]
=300  \\$a1 map on 2 sheets :$bjoined and laid on linen, copperplate engraving ;$c52 x 92 cm
=336  \\$acartographic image$2rdacontent
=337  \\$acomputer$2rdamedia
=338  \\$aonline$2rdacarrier
=500  \\$aGeographical detail extends westwards from Apalachicola to the border with Texas delineated by showing "Adayes Presidio Espagnol de la Province de TECAS".
=500  \\$aPublication details from Lowery.
=500  \\$aPublished in D'Anville atlases (often composite) after 1752 and separately (?).
=500  \\$aShows a scale at centre left in "Lieues communes et d'usage en ce pays, comme en Canada, évaluées 2000 Toises".
=500  \\$aShows a table of latitudinal observations (positions) at lower left.
=500  \\$aShows an inset map at centre right "PARTIE SUPÉRIEURE DE LA LOUISANE Pour s'étendre davantage, en consultera la Carte de l'Amérique Septentrionale du même Auteur" (scale approximately 1:3,350,000).
=500  \\$aShows forts.
=500  \\$aShows the name of the engraver at lower left, "Guill? De la Haye".
=500  \\$aShows title in a cartouche at upper left.
=500  \\$aSounding depths are given.
=500  \\$aTitled "Carte de la Louisiane (Wedt Florida), par le Sr. d'Anville, dressée en 1732; publiée en 1752. 2 feuilles" in the Catalogue of Maps, Prints, Drawings, etc., forming the geographical and topographical collection attached to the Library of his late Majesty King George the third, etc., London, 1829.
=510  3\$aBritish Museum, Catalogue of Maps, Prints, Drawings, etc., forming the geographical and topographical collection attached to the Library of his late Majesty King George the third, etc., London, 1829
=510  4\$aLowery, Woodbury. The Lowery Collection. A descriptive list of maps of the Spanish possessions within the present limits of the United States,$b1502-1820,$c333
=510  4\$aTaliaferro, Henry G. Cartographic sources in the Rosenberg Library,$c141
=651  \0$aLouisiana$vMaps$vEarly works to 1800.
=655  \7$aEarly maps.$2fast$0(OCoLC)fst01752681
=700  0\$aGeorge$bIII,$cKing of Great Britain,$d1738-1820,$eformer owner.$5Uk
=700  0\$aGeorge$bIV,$cKing of Great Britain,$d1762-1830,$edonor.$5Uk
=700  1\$aDelahaye, Guillaume Nicolas,$eprintmaker.
=859  \\$aXLD$bDCW$bFrance in the Americas Project
=852  4\$cDRT$jDigital Store Maps K.Top.122.88.$aBritish Library$bMAPS
=985  \\$aRecord amended for WR1606-1727
=985  \\$aUpdated by MS generated file for WR2302-017
=CAT  \\$aBATCH-DCW$b00$c20191123$lBLL01$h0221
=CAT  \\$aW2007-1719$c20200806$lBLL01$h1507
=CAT  \\$aW2302-0174$c20230223$lBLL01$h2043
=FIN  \\$aY$d20191123
=LKR  \\$aPAR$lBLL01$r776$b016696898$mCARTE DE LA LOUISIANE /$nCARTE DE LA LOUISIANE /
=DGM  \\$a016696898$bCatBridge variable field
=DRT  \\$aDCW
=SRC  \\$aDCW$bDCW_20191122
=OHC  \\$a1
=LAS  \\$aW2302-0174$b00$c20230223$lBLL01$h2043

