=LDR  04570cfm a2200661 i 4500
=001  019621253
=003  Uk
=005  20230223171259.0
=007  cr\mn\024mpada
=007  aj\aanzn
=008  940123s1755\\\\nyub\\\\\\a\\\\s0\e\eng\\
=FMT  \\$a  MP
=034  1\$aa$b4800$dW0734305$eW0734147$fN0432526$gN0432430$2bound
=040  \\$aUk$beng$cUk$dUk$erda
=042  \\$aukblsr
=082  04$a912.74751$223
=100  1\$aEyre, William,$dactive 1755,$ecartographer.
=245  10$a[Fort William Henry and environs] /$c[William Eyre].
=255  \\$aScale approximately 1:4800$c(W 73°43'05"--W 73°41'47"/N 43°25'26"--N 43°24'30").
=264  \0$a[Fort William Henry?] :$b[William Eyre],$c[about 1755.]
=300  \\$a1 map :$bmanuscript pen and ink ;$c32 x 40 cm
=336  \\$acartographic image$2rdacontent
=337  \\$acomputer$2rdamedia
=338  \\$aonline$2rdacarrier
=500  \\$aA date of about 1755, and certainly after the Battle of Lake George on September 8th 1755, is attributed to this map.
=500  \\$aCompare other maps of Fort William Henry signed by William Eyre in the King's Topographical Collection (see Maps K.Top.121.108.2., Maps K.Top.121.108.3. and Maps K.Top.121.109.).
=500  \\$aRelief is shown by shading.
=500  \\$aShows a "Scale of 700 Yards" at lower leftequal to 5 1/4 inches.
=500  \\$aShows a lettered key (A to C) at lower right identifying the columns of the "French Troops & Canadians" and the "French Indians". A further note repeats the "Bomb Proof" nature of the magazines (also seen in William Eyre's signed sketch of the fort - Maps K.Top.121.109.).
=500  \\$aShows a simple compass placed in Lake George orienting north to the top of the map.
=500  \\$aThe land surrounding the fort is labelled as "Swampy".
=500  \\$aTitled "A drawn Plan of Fort William and Environs" in the Catalogue of Maps, Prints, Drawings, etc., forming the geographical and topographical collection attached to the Library of his late Majesty King George the third, etc., London, 1829.
=500  \\$aTitled 'Another copy of the preceding; drawn by Wm. Eyre, on the same scale and size' where the preceding (Maps K.Top.108.2.) was 'A "plan of Fort William Henry and camp at Lake George," shewing the attack made upon the camp by the French and Indians, on the 8th Sept., 1755; drawn by William Eyre, Engineer, on a scale of 133 yards to an inch; 1 f. 1 in. x 10 in.' in the Catalogue of the manuscript maps, charts, and plans, and of the topographical drawings in the British Museum.
=500  \\$aWilliam Eyre is attributed as this map's cartographer based on stylistic similarities with other maps of Fort William Henry in the King's Topographical Collection (see Maps K.Top.121.108.2., Maps K.Top.121.108.3. and Maps K.Top.121.109.).
=510  3\$aBritish Museum, Catalogue of Maps, Prints, Drawings, etc., forming the geographical and topographical collection attached to the Library of his late Majesty King George the third, etc., London, 1829
=510  3\$aCatalogue of the manuscript maps, charts, and plans, and of the topographical drawings in the British Museum
=650  \0$aFortification$zNew York (State)$zFort William Henry$vMaps, Manuscript$vEarly works to 1800.
=650  \0$aLake George, Battle of, N.Y., 1755$vMaps, Manuscript$vEarly works to 1800.
=650  \0$aMilitary art and science$zNew York (State)$zFort William Henry$vMaps, Manuscript$vEarly works to 1800.
=651  \0$aUnited States$xHistory$yFrench and Indian War, 1754-1763$vMaps, Manuscript$vEarly works to 1800.
=651  \0$aWilliam Henry, Fort (N.Y.)$vMaps, Manuscript$vEarly works to 1800.
=655  \7$aEarly maps.$2fast$0(OCoLC)fst01752681
=700  0\$aGeorge$bIII,$cKing of Great Britain,$d1738-1820,$eformer owner.$5Uk
=700  0\$aGeorge$bIV,$cKing of Great Britain,$d1762-1830,$edonor.$5Uk
=859  \\$aXLD$bDCW$bFrance in the Americas Project
=852  4\$cDRT$jDigital Store Maps K.Top.121.110.1.$aBritish Library$bMAPS
=985  \\$aRecord amended for WR1606-1727
=985  \\$aUpdated by MS generated file for WR2302-017
=CAT  \\$aBATCH-DCW$b00$c20191123$lBLL01$h0221
=CAT  \\$aW2007-1719$c20200806$lBLL01$h1507
=CAT  \\$aW2302-0174$c20230223$lBLL01$h2043
=FIN  \\$aY$d20191123
=LKR  \\$aPAR$lBLL01$r776$b016739767$m[Fort William Henry and environs] /$n[Fort William Henry and environs] /
=DGM  \\$a016739767$bCatBridge variable field
=DRT  \\$aDCW
=SRC  \\$aDCW$bDCW_20191122
=OHC  \\$a1
=LAS  \\$aW2302-0174$b00$c20230223$lBLL01$h2043

