=LDR  04359cfm a2200637 i 4500
=001  019621254
=003  Uk
=005  20230223171259.0
=007  cr\mn\024mpada
=007  aj\canzn
=008  940123s1756\\\\nyub\\\\\\a\\\\s0\e\eng\\
=FMT  \\$a  MP
=034  1\$aa$b4800$dW0734305$eW0734147$fN0432526$gN0432430$2bound
=040  \\$aUk$beng$cUk$dUk$erda
=042  \\$aukblsr
=082  04$a912.74751$223
=100  1\$aSowers, Thomas,$ecartographer.
=245  10$aPLAN of fort WILLIAMHEN.ry and CAMP at LAKE george /$cTho.s Sowers Eng.r 1756.
=246  1\$aPlan of Fort William Henry and Camp at Lake George
=255  \\$aScale approximately 1:4800$c(W 73°43'05"--W 73°41'47"/N 43°25'26"--N 43°24'30").
=264  \0$a[Fort William Henry?] :$bTho.s Sowers Eng.r,$c1756.
=300  \\$a1 map :$bmanuscript pen and ink with watercolour ;$c28 x 34 cm
=336  \\$acartographic image$2rdacontent
=337  \\$acomputer$2rdamedia
=338  \\$aonline$2rdacarrier
=500  \\$aRelief is shown by shading.
=500  \\$aShows a "Scale of 700 Yards" at lower right equal to 5 1/4 inches.
=500  \\$aShows a decorative compass point orienting north to the top of the map.
=500  \\$aThe title appears in a decorative surround at upper left and includes the name of Thomas Sowers and the date of the map. The title is followed by text identifying the lettered locations on the map, including the position of troops on September 8th 1755 - the Battle of Lake George.
=500  \\$aThis map appears to be copied from William Eyre's 1755 map of the fort - see Maps K.Top.121.108.2.
=500  \\$aTitled "A coloured copy of the preceding; drawn by Thomas Sowes, engineer, in 1756, on the same scale and size" where the preceding was "Another copy of the preceding; drawn by Wm. Eyre, on the same scale and size" (Maps K.Top.121.110.1.) and its preceding (Maps K.Top.108.2.) was 'A "plan of Fort William Henry and camp at Lake George," shewing the attack made upon the camp by the French and Indians, on the 8th Sept., 1755; drawn by William Eyre, Engineer, on a scale of 133 yards to an inch; 1 f. 1 in. x 10 in.' in the Catalogue of the manuscript maps, charts, and plans, and of the topographical drawings in the British Museum.
=500  \\$aTitled "A drawn Plan of Fort William Henry, and camp at Lake George, by Thomas Sowers, Engineer, 1756" in the Catalogue of Maps, Prints, Drawings, etc., forming the geographical and topographical collection attached to the Library of his late Majesty King George the third, etc., London, 1829.
=510  3\$aBritish Museum, Catalogue of Maps, Prints, Drawings, etc., forming the geographical and topographical collection attached to the Library of his late Majesty King George the third, etc., London, 1829
=510  3\$aCatalogue of the manuscript maps, charts, and plans, and of the topographical drawings in the British Museum
=650  \0$aFortification$zNew York (State)$zFort William Henry$vMaps, Manuscript$vEarly works to 1800.
=650  \0$aLake George, Battle of, N.Y., 1755$vMaps, Manuscript$vEarly works to 1800.
=650  \0$aMilitary art and science$zNew York (State)$zFort William Henry$vMaps, Manuscript$vEarly works to 1800.
=651  \0$aUnited States$xHistory$yFrench and Indian War, 1754-1763$vMaps, Manuscript$vEarly works to 1800.
=651  \0$aWilliam Henry, Fort (N.Y.)$vMaps, Manuscript$vEarly works to 1800.
=655  \7$aEarly maps.$2fast$0(OCoLC)fst01752681
=700  0\$aGeorge$bIII,$cKing of Great Britain,$d1738-1820,$eformer owner.$5Uk
=700  0\$aGeorge$bIV,$cKing of Great Britain,$d1762-1830,$edonor.$5Uk
=859  \\$aXLD$bDCW$bFrance in the Americas Project
=852  4\$cDRT$jDigital Store Maps K.Top.121.110.2.$aBritish Library$bMAPS
=985  \\$aRecord amended for WR1606-1727
=985  \\$aUpdated by MS generated file for WR2302-017
=CAT  \\$aBATCH-DCW$b00$c20191123$lBLL01$h0221
=CAT  \\$aW2007-1719$c20200806$lBLL01$h1507
=CAT  \\$aW2302-0174$c20230223$lBLL01$h2043
=FIN  \\$aY$d20191123
=LKR  \\$aPAR$lBLL01$r776$b016739768$mPLAN of fort WILLIAMHEN.ry and CAMP at LAKE george /$nPLAN of fort WILLIAMHEN.ry and CAMP at LAKE george /
=DGM  \\$a016739768$bCatBridge variable field
=DRT  \\$aDCW
=SRC  \\$aDCW$bDCW_20191122
=OHC  \\$a1
=LAS  \\$aW2302-0174$b00$c20230223$lBLL01$h2043

