=LDR  04448cem a2200661 i 4500
=001  019628387
=003  Uk
=005  20230223171308.0
=007  cr\mn\024mpada
=007  aj\aanzn
=008  940104s1755\\\\enki\\\\\\a\\\\s0\\\eng\\
=FMT  \\$a  MP
=019  4\$am040180093
=034  1\$aa$b100000$dW0642605$eW0640159$fN0460328$gN0454537$2bound
=040  \\$aUk$beng$cUk$dUk$erda
=042  \\$aukblsr
=082  04$a912.716$223
=100  1\$aJefferys, Thomas,$d-1771,$ecartographer.
=245  12$aA LARGE and PARTICULAR PLAN OF SHEGNEKTO BAY, and the Circumjacent Country, with the FORTS and SETTLEMENTS OF THE FRENCH 'till dispossess'd by the ENGLISH in June 1755 /$cDrawn on the Spot by an Officer.
=255  \\$aScale approximately 1:100,000$c(W 64°26'05"--W 64°01'59"/N 46°03'28"--N 45°45'37").
=264  \1$a[London] :$bPublish'd according to the Act August 16th 1755 by Thos. Jefferys geographer to his Royal Highness the Prince of Wales, near Charing Cross,$c[1755.]
=300  \\$a1 map :$bcopperplate engraving ;$c36 x 58 cm
=336  \\$acartographic image$2rdacontent
=337  \\$acomputer$2rdamedia
=338  \\$aonline$2rdacarrier
=500  \\$a"Scale of English Miles" is given at lower left.
=500  \\$aFour short columns of text beneath the map describe the events of June 1st to June 17th 1755, from the viewpoint of an unnamed British soldier. Colonel [Robert] Monckton and Colonel [John] Winslow are referenced in the text for their military actions. "Ensign Hay of Col. Hopson's regiment", "Major Pebble" and "Ensign Tongue" are mentioned due to their injuries.
=500  \\$aIn light of the British victory at the Battle of Beauséjour, the fort's newly attributed English name is given on the map; "Fort Beau Séjour now Cumberland".
=500  \\$aRelief shown pictorially.
=500  \\$aSeparately published and published in Thomas Jefferys' "A general topography of North America and the West Indies" [R.Sayer & T.Jefferys, 1768].
=500  \\$aShows Fort Gaspareaux, routes of communication and the location of French and Indian settlements.
=500  \\$aTitle appears in a decorative surround at lower right.
=500  \\$aTitled 'A particular Plan of Shegnekto Bay and the circumjacent country, published by Jefferys, 1755' in the Catalogue of Maps, Prints, Drawings, etc., forming the geographical and topographical collection attached to the Library of his late Majesty King George the third, etc., London, 1829.
=510  3\$aBritish Museum, Catalogue of Maps, Prints, Drawings, etc., forming the geographical and topographical collection attached to the Library of his late Majesty King George the third, etc., London, 1829
=510  4\$aPhillips, Phillip Lee. A list of geographical atlases in the Library of Congress,$c1196 (24)
=520  \\$aThe Battle of Beauséjour in June 1755 at the close of Father Le Loutre's War and its effect on the geography of the Isthmus of Chignecto is depicted.
=650  \0$aFort Beauséjour, Siege of, N.B., 1755$vMaps$vEarly works to 1800.
=651  \0$aChignecto Isthmus (N.B. and N.S.)$vMaps$vEarly works to 1800.
=655  \7$aEarly maps.$2fast$0(OCoLC)fst01752681
=700  0\$aGeorge$bIII,$cKing of Great Britain,$d1738-1820,$eformer owner.$5Uk
=700  0\$aGeorge$bIV,$cKing of Great Britain,$d1762-1830,$edonor.$5Uk
=700  1\$aMonckton, Robert,$d1726-1782.
=700  1\$aWinslow, John,$d1703-1774.
=859  \\$aXLD$bDCW$bFrance in the Americas Project
=852  4\$cDRT$jDigital Store Maps K.Top.119.67.$aBritish Library$bMAPS
=985  \\$aCorrected by BSS-generated file
=985  \\$aRecord amended for WR1606-1727
=985  \\$aUpdated by MS generated file for WR2302-017
=CAT  \\$aBATCH-DCW$b00$c20191201$lBLL01$h0210
=CAT  \\$aW2007-1719$c20200806$lBLL01$h1507
=CAT  \\$aW2302-0174$c20230223$lBLL01$h2043
=FIN  \\$aY$d20191201
=LKR  \\$aPAR$lBLL01$r776$b004819546$mA LARGE and PARTICULAR PLAN OF SHEGNEKTO BAY, and the Circumjacent Country, with the FORTS and SETTLEMENTS OF THE FRENCH 'till dispossess'd by the ENGLISH in June 1755 /$nA LARGE and PARTICULAR PLAN OF SHEGNEKTO BAY, and the Circumjacent Country, with the FORTS and SETTLEMENTS OF THE FRENCH 'till dispossess'd by the ENGLISH in June 1755 /
=DGM  \\$a004819546$bCatBridge variable field
=DRT  \\$aDCW
=SRC  \\$aDCW$bDCW_20191130
=OHC  \\$a1
=LAS  \\$aW2302-0174$b00$c20230223$lBLL01$h2043

