=LDR  05620cfm a2200673 i 4500
=001  019628388
=003  Uk
=005  20230223171308.0
=007  cr\mn\024mpada
=007  aj|canzn
=008  940104s1755\\\\xxci\\\\\\a\\\\s0\e\eng\\
=FMT  \\$a  MP
=019  4\$am530550059
=034  1\$aa$b79200$dW0642416$eW0641156$fN0455402$gN0454424$2bound
=040  \\$aUk$beng$cUk$dUk$erda
=042  \\$aukblsr
=082  04$a912.7151$223
=100  1\$aTonge, Winckworth,$d1727 or 1728-1792,$ecartographer.
=245  12$aA DRAUGHT of the ISTHMUS which joyns Nova Scotia to the Continent with the Situation of the ENGLISH and FRENCH FORTS & the Adjacent BAYS and RIVERS /$cby W Tonge Chignecto Fort Lawrence 1755.
=255  \\$aScale 1:79,200$c(W 64°24'16"--W 64°11'56"/N 45°54'02"--N 45°44'24").
=264  \1$a[Chignecto Fort Lawrence] :$bby W Tonge Chignecto Fort Lawrence,$c1755.
=300  \\$a1 map :$bmanuscript with pen and ink and watercolour ;$c53 x 74 cm
=336  \\$acartographic image$2rdacontent
=337  \\$acomputer$2rdamedia
=338  \\$aonline$2rdacarrier
=500  \\$aA decorative compass rose in the Bay of Fundy orients north on the page.
=500  \\$aA lettered "Explanation" (A-R) to the left of the page identifies rivers and includes the "Place where the English Man of War lyes", the route by which "the Vesells by that brings Provisions & Stores to the English Fort" and the "Dykes levelled by the English from which the Indeans used to Fire at the Vesells as they came up the River Mesiguash". They key also identifies the "French Fort at the Bay Vert" (Fort Gaspareaux) and "Pom a Buot a Small post possessed by the French".
=500  \\$aShort textual annotations on the map describe carrying places on the "River Chignecto" and highlight the "Villages burned by the Indeans" (during Father Le Loutre's War) - these villages are coloured red, while other settlements are shown in yellow.
=500  \\$aThe French fort, although not named, is Fort Beauséjour (later Fort Cumberland), dating the map prior to the Battle of Beauséjour in June 1755.
=500  \\$aThe map includes "A View of the French Fort drawn from Fort Lawrence" at lower left.
=500  \\$aThe roads to Cobiquid and Bay Vert are delineated.
=500  \\$aThe title appears in a decorative cartouche at lower right illustrating native flora and fauna, including a beaver, and depicting friendly relations between the indigenous and colonial inhabitants by means of a handshake (contrary to the ongoing Acadian Exodus and the impending Great Upheaval, or Expulsion of the Acadians?). A British (?) vessel is visible in the distance.
=500  \\$aThe title cartouche also contains a "Scale of Miles" where 3/4 inch is equal to one mile.
=500  \\$aTitled 'A colored "draught of the Isthmus of Chignectou, which joyns Nova Scotia to the Continent, with the situation of the English and French Forts, and the adjacent bays and rivers; by W. Tonge, Chignecto, Fort Lawrence, 1755;" drawn on a scale of 1 1/4 mile to an inc; with a view of the French fort as seen from Fort Lawrence : 2 f. 6 in. x 1 f. 9 in.' in Catalogue of the manuscript maps, charts, and plans, and of the topographical drawings in the British Museum.
=500  \\$aTitled 'A draught of the Isthmus which joins Nova Scotia to the Continent (Isthmus of Chignectou) with the situation of the English and French Forts: by W. Tonge, 1755' in Catalogue of Maps, Prints, Drawings, etc., forming the geographical and topographical collection attached to the Library of his late Majesty King George the third, etc., London, 1829.
=510  3\$aBritish Museum, Catalogue of Maps, Prints, Drawings, etc., forming the geographical and topographical collection attached to the Library of his late Majesty King George the third, etc., London, 1829
=510  3\$aCatalogue of the manuscript maps, charts, and plans, and of the topographical drawings in the British Museum
=520  \\$aA detailed manuscript map by Winckworth Tonge with its focus on the English Fort Lawrence and the French Fort Beauséjour, drawn in the months just prior to the Battle of Beauséjour.
=650  \0$aAcadians$zNova Scotia$xHistory$yExpulsion, 1755$vMaps, Manuscript$vEarly works to 1800.
=651  \0$aChignecto Isthmus (N.B. and N.S.)$vMaps, Manuscript$vEarly works to 1800.
=651  \0$aFort Cumberland (N.B.)$vMaps, Manuscript$vEarly works to 1800.
=655  \7$aEarly maps.$2fast$0(OCoLC)fst01752681
=700  0\$aGeorge$bIII,$cKing of Great Britain,$d1738-1820,$eformer owner.$5Uk
=700  0\$aGeorge$bIV,$cKing of Great Britain,$d1762-1830,$edonor.$5Uk
=859  \\$aXLD$bDCW$bFrance in the Americas Project
=852  4\$cDRT$jDigital Store Maps K.Top.119.64.$aBritish Library$bMAPS
=985  \\$aCorrected by BSS-generated file
=985  \\$aRecord amended for WR1606-1727
=985  \\$aUpdated by MS generated file for WR2302-017
=CAT  \\$aBATCH-DCW$b00$c20191201$lBLL01$h0210
=CAT  \\$aW2007-1719$c20200806$lBLL01$h1507
=CAT  \\$aW2302-0174$c20230223$lBLL01$h2043
=FIN  \\$aY$d20191201
=LKR  \\$aPAR$lBLL01$r776$b004987887$mA DRAUGHT of the ISTHMUS which joyns Nova Scotia to the Continent with the Situation of the ENGLISH and FRENCH FORTS & the Adjacent BAYS and RIVERS /$nA DRAUGHT of the ISTHMUS which joyns Nova Scotia to the Continent with the Situation of the ENGLISH and FRENCH FORTS & the Adjacent BAYS and RIVERS /
=DGM  \\$a004987887$bCatBridge variable field
=DRT  \\$aDCW
=SRC  \\$aDCW$bDCW_20191130
=OHC  \\$a1
=LAS  \\$aW2302-0174$b00$c20230223$lBLL01$h2043

