=LDR  04294cfm a2200601 i 4500
=001  019628389
=003  Uk
=005  20230223171308.0
=007  cr\mn\024mpada
=007  aj\canzn
=008  940123m17401749xx\\\\\\\\a\\\\s0\e\fre\\
=FMT  \\$a  MP
=019  4\$am530552019
=034  1\$aa$b2135400$dW0662300$eW0604800$fN0471300$gN0432300$2bound
=040  \\$aUk$beng$cUk$dUk$erda
=082  04$a912.716$223
=245  00$a[Acadie, Isle Saint Jean and part of Isle Royale with the Baye Francoise].
=246  00$a[Nova Scotia, Cape Breton and Prince Edward Island with the Bay of Fundy]
=255  \\$aScale approximately 1:2,135,400$c(W 66°23'00"--W 60°48'00"/N 47°13'00"--N 43°23'00").
=264  \0$a[Place of production not identified] :$b[producer not identified],$c[between 1740 and 1749.]
=300  \\$a1 map :$bmanuscript pen and ink with watercolour ;$c20 x 32 cm
=336  \\$acartographic image$2rdacontent
=337  \\$acomputer$2rdamedia
=338  \\$aonline$2rdacarrier
=500  \\$aA date of about 1740 to about 1749 is suggested for this map as it does not name Halifax, which was founded by the British in 1749. The map is certainly later than 1710 when Port Royal was captured by the British and renamed Annapolis (as shown on the map). A date in the 1740s seems a possibility on both stylistic grounds and with consideration of the ongoing King George's War (1744 to 1748). The focus on 'Acadie' by the French mapmaker (and the partial mapping of Cape Breton, already held by the French) could suggest that Acadie was under French scrutiny again.
=500  \\$aTitled 'A colored map of "Acadie, Isle Royale, Isle St. Jean, and the Baye Françoise, being Nova Scotia, Cape Breton, Pr. Edward's Island, and the Bay of Fundy; drawn by a French hand, on a scale of 13 1/2 French leagues to an inch : 1 f. x 8 in.' in the Catalogue of the manuscript maps, charts, and plans, and of the topographical drawings in the British Museum.
=500  \\$aTitled 'Carte dessinée de l'Acadie' in the Catalogue of Maps, Prints, Drawings, etc., forming the geographical and topographical collection attached to the Library of his late Majesty King George the third, etc., London, 1829.
=500  \\$aTwo scales are given at lower right in "Lieues communes de France de 2282 Toises" and "Lieues Marines de France et d'Angleterre 2853 Toises".
=510  3\$aBritish Museum, Catalogue of Maps, Prints, Drawings, etc., forming the geographical and topographical collection attached to the Library of his late Majesty King George the third, etc., London, 1829
=510  3\$aCatalogue of the manuscript maps, charts, and plans, and of the topographical drawings in the British Museum
=520  \\$aAn untitled map of Nova Scotia, Prince Edward Island and part of Cape Breton Island with the Bay of Fundy by an anonymous French mapmaker. Detail of the New Brunswick coast is also depicted from Ellswort to Richibucto.
=651  \0$aAcadia$vMaps, Manuscript$vEarly works to 1800.
=651  \0$aNova Scotia$vMaps, Manuscript$vEarly works to 1800.
=651  \0$aPrince Edward Island$vMaps, Manuscript$vEarly works to 1800.
=651  \0$aUnited States$xHistory$yKing George's War, 1744-1748$vMaps, Manuscript$vEarly works to 1800.
=655  \7$aEarly maps.$2fast$0(OCoLC)fst01752681
=700  0\$aGeorge$bIII,$cKing of Great Britain,$d1738-1820,$eformer owner.$5Uk
=700  0\$aGeorge$bIV,$cKing of Great Britain,$d1762-1830,$edonor.$5Uk
=859  \\$aXLD$bDCW$bFrance in the Americas Project
=852  4\$cDRT$jDigital Store Maps K.Top.119.56.$aBritish Library$bMAPS
=985  \\$aCorrected by BSS-generated file
=985  \\$aRecord amended for WR1606-1727
=985  \\$aUpdated by MS generated file for WR2302-017
=CAT  \\$aBATCH-DCW$b00$c20191201$lBLL01$h0210
=CAT  \\$aW2007-1719$c20200806$lBLL01$h1507
=CAT  \\$aW2302-0174$c20230223$lBLL01$h2043
=FIN  \\$aY$d20191201
=LKR  \\$aPAR$lBLL01$r776$b004987893$m[Acadie, Isle Saint Jean and part of Isle Royale with the Baye Francoise].$n[Acadie, Isle Saint Jean and part of Isle Royale with the Baye Francoise].
=DGM  \\$a004987893$bCatBridge variable field
=DRT  \\$aDCW
=SRC  \\$aDCW$bDCW_20191130
=OHC  \\$a1
=LAS  \\$aW2302-0174$b00$c20230223$lBLL01$h2043

