=LDR  05223cfm a2200661 i 4500
=001  019628390
=003  Uk
=005  20230223171308.0
=007  cr\mn\024mpada
=007  aj\canzn
=008  940123s1756\\\\xxc\\\\\\\a\\\\s0\e\eng\\
=FMT  \\$a  MP
=019  4\$am530552043
=034  1\$aa$b380160$dW0650100$eW0632500$fN0460700$gN0442500$2bound
=040  \\$aUk$beng$cUk$dUk$erda
=082  04$a912.716$223
=245  02$aA MAP OF THE SURVEYED PARTS OF NOVA SCOTIA MDCCLVI.
=255  \\$aScale 1:38,160$c(W 65°01'00"--W 63°25'00"/N 46°07'00"--N 44°25'00").
=264  \0$a[Halifax?] :$b[producer not identified],$cMDCCLVI.
=300  \\$a1 map :$bmanuscript pen and ink with watercolour ;$c51 x 71 cm
=336  \\$acartographic image$2rdacontent
=337  \\$acomputer$2rdamedia
=338  \\$aonline$2rdacarrier
=500  \\$aCartographic detail focuses on those parts of Nova Scotia important to the British at this time. On the Atlantic coast detail extends from Lunenburg in the east to Lawrence Town in the west, and then northwards to the Bay of Fundy.
=500  \\$aConsider Engineer John Brewse as cartographer? Stylistic similarities with other maps bearing his name in the King's Topographical Collection (see Maps K.Top.119.68. for a map of Fort Cumberland signed by Brewse).
=500  \\$aDated 1756 (MDCCLVI), this manuscript map has been produced after the Battle of Fort Beauséjour, during Father Le Loutre's War (1751-1755), when the British, under the command of Lt. Col. Robert Monckton, gained control of the fort from the French and changed its name to Fort Cumberland, which is definitively recorded here. However, "FORT GASPEREAU" remains named as such on the map. It was also taken by the British, under Colonel John Winslow, in 1755 and would become known as Fort Monckton before being abandoned later in 1756.
=500  \\$aProduced during the period of the Expulsion of the Acadians (the Great Upheaval) by the British.
=500  \\$aShows overland routes.
=500  \\$aThe title and date appear in a decorative cartouche with a classical appearance at lower left, beneath which is the scale given as six miles to one inch.
=500  \\$aTitled 'A colored "Map of the surveyed parts of Nova Scotia, 1756;" drawn on a scale of 6 miles to an inch; with plans of Forts Cumberland and Gaspereau, on a scale of 100 feet to an inch, and sections 20 feet to an inch : 2 f. 3 in. x 1 f. 8 in.' in the Catalogue of the manuscript maps, charts, and plans, and of the topographical drawings in the British Museum.
=500  \\$aTitled 'A drawn Map of the Surveyed parts of Nova Scotia, with Plans of Forts Cumberland and Gaspereau, 1756' in the Catalogue of Maps, Prints, Drawings, etc., forming the geographical and topographical collection attached to the Library of his late Majesty King George the third, etc., London, 1829.
=500  \\$aTo the right of the map are two inset plans; "FORT GASPEREAU" is mapped at a scale of 100 feet to one inch with a lettered key (E-M) identifying locations of note within the fort. A-D convey the locations of the accompanying cross section, which is mapped at a scale of 20 feet to one inch. Below is "FORT CUMBERLAND" mapped at a scale of 100 feet to one inch with a lettered key (E-L). It too is accompanied by two profile views at the larger scale of 40 feet to one inch.
=510  3\$aBritish Museum, Catalogue of Maps, Prints, Drawings, etc., forming the geographical and topographical collection attached to the Library of his late Majesty King George the third, etc., London, 1829
=510  3\$aCatalogue of the manuscript maps, charts, and plans, and of the topographical drawings in the British Museum
=520  \\$aA manuscript map of Nova Scotia (including parts of present-day New Brunswick) produced during the period of the Expulsion of the Acadians (the Great Upheaval) by Engineer John Brewse.
=650  \0$aAcadians$zNova Scotia$xHistory$yExpulsion, 1755$vMaps, Manuscript$vEarly works to 1800.
=651  \0$aFort Cumberland (N.B.)$vMaps, Manuscript$vEarly works to 1800.
=651  \0$aNova Scotia$vMaps, Manuscript$vEarly works to 1800.
=655  \7$aEarly maps.$2fast$0(OCoLC)fst01752681
=700  0\$aGeorge$bIII,$cKing of Great Britain,$d1738-1820,$eformer owner.$5Uk
=700  0\$aGeorge$bIV,$cKing of Great Britain,$d1762-1830,$edonor.$5Uk
=700  1\$aBrewse, John,$d-1785,$ecartographer.
=859  \\$aXLD$bDCW$bFrance in the Americas Project
=852  4\$cDRT$jDigital Store Maps K.Top.119.60.$aBritish Library$bMAPS
=985  \\$a700/3=NEW
=985  \\$aCorrected by BSS-generated file
=985  \\$aRecord amended for WR1606-1727
=985  \\$aUpdated by MS generated file for WR2302-017
=CAT  \\$aBATCH-DCW$b00$c20191201$lBLL01$h0210
=CAT  \\$aW2007-1719$c20200806$lBLL01$h1507
=CAT  \\$aW2302-0174$c20230223$lBLL01$h2043
=FIN  \\$aY$d20191201
=LKR  \\$aPAR$lBLL01$r776$b004987896$mA MAP OF THE SURVEYED PARTS OF NOVA SCOTIA MDCCLVI.$nA MAP OF THE SURVEYED PARTS OF NOVA SCOTIA MDCCLVI.
=DGM  \\$a004987896$bCatBridge variable field
=DRT  \\$aDCW
=SRC  \\$aDCW$bDCW_20191130
=OHC  \\$a1
=LAS  \\$aW2302-0174$b00$c20230223$lBLL01$h2043

