=LDR  04488cfm a2200649 i 4500
=001  019628391
=003  Uk
=005  20230223171308.0
=007  cr\mn\024mpada
=007  aj\canzn
=008  940123s1708\\\\nfc\\\\\\\a\\\\s0\e\fre\\
=FMT  \\$a  MP
=019  4\$am530557045
=034  1\$aa$b13600$dW0540020$eW0535024$fN0471827$gN0471234$2bound
=040  \\$aUk$beng$cUk$dUk$erda
=042  \\$aukblsr
=082  04$a912.718$223
=100  1\$aMonsegur, Michel de,$ecartographer.
=245  13$aLE PLAN DU PORT DE P. /$cPresenté a Son Altesse Royalle Monseigneur le Prince de Danemark par Michel de Monsegur 1708.
=255  \\$aScale approximately 1:13,600$c(W 54°00'20"-W 53°50'24"/N 47°18'27"-N 47°12'34").
=264  \0$a[Placentia?] :$bMichel de Monsegur,$c1708.
=300  \\$a1 map :$bmanuscript pen and ink with colour to ensigns only ;$c41 x 54 cm
=336  \\$acartographic image$2rdacontent
=337  \\$acomputer$2rdamedia
=338  \\$aonline$2rdacarrier
=500  \\$a25 sailing vessels are illustrated in the harbour. Numbers are attributed non-sequentially. Each shows a red-coloured ensign with a small white cross.
=500  \\$aAn additional scale appears in a decorative surround at lower right as "Echelle de trois cent toises".
=500  \\$aConsider British Library Add. MS 61648 (ff.1-35b) containing correspondence from Michel de Monsegur. Folios 4-6 include explanatory text regarding the project at "Plaisance" (Placentia).
=500  \\$aIntended for presentation to Prince George of Denmark and Norway, Duke of Cumberland (and Lord High Admiral) - the husband of Queen Anne.
=500  \\$aReference to Michel de Monsegur may be found at 'Appendix: Miscellaneous 1708', Calendar of Treasury Books, Volume 28: 1714 (1955), pp. 453-463. URL: http://www.british-history.ac.uk/report.aspx?compid=86165 highlighting a payment made by the Treasury for Michel de Monsegur's services.
=500  \\$aShows pictorial representations of animals, settlements, defences and sailing vessels where the scale at which they are depicted varies.
=500  \\$aThe scale beneath the title at upper right is "Echelle de quatre cent toises" where 400 toises is equal to 2 1 /4 inches.
=500  \\$aTitled "Plan du Port de Placentia, presenté à S. A. R. le Prince de Danemarck, par Michel de Monsegur, 1708;" drawn on a scale of 168 toises to an inch: 1 f. 9 in. x 1 f. 4 in.' in the Catalogue of the manuscript maps, charts, and plans, and of the topographical drawings in the British Museum.
=500  \\$aTitled 'Plan dessiné du port de Placentia, par Michel de Monsegur, 1708' in the Catalogue of Maps, Prints, Drawings, etc., forming the geographical and topographical collection attached to the Library of his late Majesty King George the third, etc., London, 1829.
=510  3\$aBritish Museum, Catalogue of Maps, Prints, Drawings, etc., forming the geographical and topographical collection attached to the Library of his late Majesty King George the third, etc., London, 1829
=510  3\$aCatalogue of the manuscript maps, charts, and plans, and of the topographical drawings in the British Museum
=520  \\$aA manuscript map of Placentia (Plaisance), Newfoundland.
=585  \\$aCopy at Maps K.Top.119.99. Exhibited: "Europe in Canada : an exhibition to commemorate to centrenary of the Dominion of Canada", The British Museum, 30 June 1967 - 10 September 1967.$5Uk
=651  \0$aPlacentia Bay (N.L.)$vMaps, Manuscript$vEarly works to 1800.
=655  \7$aEarly maps.$2fast$0(OCoLC)fst01752681
=700  0\$aGeorge$bIII,$cKing of Great Britain,$d1738-1820,$eformer owner.$5Uk
=700  0\$aGeorge$bIV,$cKing of Great Britain,$d1762-1830,$edonor.$5Uk
=700  0\$aGeorge,$cPrince, consort of Anne, Queen of Great Britain,$d1653-1708,$ehonouree.
=859  \\$aXLD$bDCW$bFrance in the Americas Project
=852  4\$cDRT$jDigital Store Maps K.Top.119.99.$aBritish Library$bMAPS
=985  \\$aRecord amended for WR1606-1727
=985  \\$aUpdated by MS generated file for WR2302-017
=CAT  \\$aBATCH-DCW$b00$c20191201$lBLL01$h0210
=CAT  \\$aW2007-1719$c20200806$lBLL01$h1507
=CAT  \\$aW2302-0174$c20230223$lBLL01$h2043
=FIN  \\$aY$d20191201
=LKR  \\$aPAR$lBLL01$r776$b004987937$mLE PLAN DU PORT DE P. /$nLE PLAN DU PORT DE P. /
=DGM  \\$a004987937$bCatBridge variable field
=DRT  \\$aDCW
=SRC  \\$aDCW$bDCW_20191130
=OHC  \\$a1
=LAS  \\$aW2302-0174$b00$c20230223$lBLL01$h2043

